<?xml version="1.0" encoding="UTF-8"?>
  <collection xmlns="http://www.loc.gov/MARC21/slim">
      <record>
         <leader>00000nz  a2200169   4500</leader>
         <controlfield tag="001">30002055</controlfield>
         <controlfield tag="003">RISM</controlfield>
         <controlfield tag="005">20160216</controlfield>
         <controlfield tag="008">160216n||az|||||||##########||||||||||||</controlfield>
         <datafield tag="040" ind1=" " ind2=" ">
            <subfield code="a">PL-B</subfield>
         </datafield>
         <datafield tag="043" ind1=" " ind2=" ">
            <subfield code="c">XA-PL</subfield>
         </datafield>
         <datafield tag="110" ind1="2" ind2=" ">
            <subfield code="a">Wojewódzka i Miejska Biblioteka Publiczna im. dr Witolda Bełzy</subfield>
            <subfield code="c">Bydgoszcz</subfield>
            <subfield code="g">PL-B</subfield>
         </datafield>
         <datafield tag="410" ind1="2" ind2=" ">
            <subfield code="a">Voivodship and Municipal Witolda Bełza Public Library</subfield>
         </datafield>
         <datafield tag="622" ind1=" " ind2=" ">
            <subfield code="e">Wojewódzka i Miejska Biblioteka, Publiczna im. dr Witolda Bełzy, ul. Długa 39, 85-034 Bydgoszcz, Poland</subfield>
            <subfield code="u">http://www.wimbp.man.bydgoszcz.pl</subfield>
         </datafield>
      </record>