
      <record>
         <leader>00000nz  a2200169   4500</leader>
         <controlfield tag="001">30070417</controlfield>
         <controlfield tag="003">RISM</controlfield>
         <controlfield tag="005">20160216</controlfield>
         <controlfield tag="008">160216n||az|||||||##########||||||||||||</controlfield>
         <datafield tag="040" ind1=" " ind2=" ">
            <subfield code="a">PL-BAmfn</subfield>
         </datafield>
         <datafield tag="043" ind1=" " ind2=" ">
            <subfield code="c">XA-PL</subfield>
         </datafield>
         <datafield tag="110" ind1="2" ind2=" ">
            <subfield code="a">Muzeum Feliksa Nowowiejskiego</subfield>
            <subfield code="c">Barczewo</subfield>
            <subfield code="g">PL-BAmfn</subfield>
         </datafield>
         <datafield tag="410" ind1="2" ind2=" ">
            <subfield code="a">Oddział Muzeum Warmii i Mazur w Olsztynie</subfield>
         </datafield>
         <datafield tag="622" ind1=" " ind2=" ">
            <subfield code="e">Muzeum Feliksa Nowowiejskiego, ul. Mickiewicza 13, 11-010 Barczewo, Poland</subfield>
         </datafield>
      </record>