
      <record>
         <leader>00000nz  a2200169   4500</leader>
         <controlfield tag="001">30002068</controlfield>
         <controlfield tag="003">RISM</controlfield>
         <controlfield tag="005">20160216</controlfield>
         <controlfield tag="008">160216n||az|||||||##########||||||||||||</controlfield>
         <datafield tag="040" ind1=" " ind2=" ">
            <subfield code="a">PL-Cb</subfield>
         </datafield>
         <datafield tag="043" ind1=" " ind2=" ">
            <subfield code="c">XA-PL</subfield>
         </datafield>
         <datafield tag="110" ind1="2" ind2=" ">
            <subfield code="a">Książnica Cieszyńska</subfield>
            <subfield code="c">Cieszyn</subfield>
            <subfield code="g">PL-Cb</subfield>
         </datafield>
         <datafield tag="410" ind1="2" ind2=" ">
            <subfield code="a">Zbiory Muzeum Miejskiego w Cieszynie</subfield>
         </datafield>
         <datafield tag="410" ind1="2" ind2=" ">
            <subfield code="a">Cieszyn Historical Library</subfield>
         </datafield>
         <datafield tag="410" ind1="2" ind2=" ">
            <subfield code="a">Oddział Zabytkowy Biblioteki Śląskiej w Katowicach (bis 1988)</subfield>
         </datafield>
         <datafield tag="410" ind1="2" ind2=" ">
            <subfield code="a">Oddział Zabytkowy Miejskiej Biblioteki Publicznej w Cieszynie (1988-1993)</subfield>
         </datafield>
         <datafield tag="622" ind1=" " ind2=" ">
            <subfield code="e">Książnica Cieszyńska, ul. Mennicza 46, 43-400 Cieszyn, Poland</subfield>
            <subfield code="u">http://www.kc-cieszyn.pl</subfield>
         </datafield>
      </record>