
      <record>
         <leader>00000nz  a2200169   4500</leader>
         <controlfield tag="001">30070431</controlfield>
         <controlfield tag="003">RISM</controlfield>
         <controlfield tag="005">20160216</controlfield>
         <controlfield tag="008">160216n||az|||||||##########||||||||||||</controlfield>
         <datafield tag="040" ind1=" " ind2=" ">
            <subfield code="a">PL-Cm</subfield>
         </datafield>
         <datafield tag="043" ind1=" " ind2=" ">
            <subfield code="c">XA-PL</subfield>
         </datafield>
         <datafield tag="110" ind1="2" ind2=" ">
            <subfield code="a">Muzeum Śląska Cieszyńskiego</subfield>
            <subfield code="c">Cieszyn</subfield>
            <subfield code="g">PL-Cm</subfield>
         </datafield>
         <datafield tag="622" ind1=" " ind2=" ">
            <subfield code="e">Muzeum Śląska Cieszyńskiego, ul. T. Regera 6, 43-400 Cieszyn, Poland</subfield>
            <subfield code="u">http://muzeum-cieszyn.ox.pl</subfield>
         </datafield>
      </record>