
      <record>
         <leader>00000nz  a2200169   4500</leader>
         <controlfield tag="001">30002069</controlfield>
         <controlfield tag="003">RISM</controlfield>
         <controlfield tag="005">20160216</controlfield>
         <controlfield tag="008">160216n||az|||||||##########||||||||||||</controlfield>
         <datafield tag="040" ind1=" " ind2=" ">
            <subfield code="a">PL-Cp</subfield>
         </datafield>
         <datafield tag="043" ind1=" " ind2=" ">
            <subfield code="c">XA-PL</subfield>
         </datafield>
         <datafield tag="110" ind1="2" ind2=" ">
            <subfield code="a">Muzeum Protestantyzmu - Biblioteka i Archiwum im. Tschammera&#xD;
</subfield>
            <subfield code="c">Cieszyn</subfield>
            <subfield code="g">PL-Cp</subfield>
         </datafield>
         <datafield tag="410" ind1="2" ind2=" ">
            <subfield code="a">Biblioteka Kościoła Ewangelicko-Augsburgskiego im. B. Tschammera</subfield>
         </datafield>
         <datafield tag="622" ind1=" " ind2=" ">
            <subfield code="e">Muzeum Protestantyzmu - Biblioteka i, Archiwum im. Tschammera&#xD;
, pl. Kościelny 6, 43-400 Cieszyn, Poland</subfield>
            <subfield code="u">http://www.biblioteka.cieszyn.org.pl/</subfield>
         </datafield>
      </record>