
      <record>
         <leader>00000nz  a2200169   4500</leader>
         <controlfield tag="001">30002070</controlfield>
         <controlfield tag="003">RISM</controlfield>
         <controlfield tag="005">20160216</controlfield>
         <controlfield tag="008">160216n||az|||||||##########||||||||||||</controlfield>
         <datafield tag="040" ind1=" " ind2=" ">
            <subfield code="a">PL-CZ</subfield>
         </datafield>
         <datafield tag="043" ind1=" " ind2=" ">
            <subfield code="c">XA-PL</subfield>
         </datafield>
         <datafield tag="110" ind1="2" ind2=" ">
            <subfield code="a">Klasztor OO. Paulinów Jasna Góra - Biblioteka</subfield>
            <subfield code="c">Częstochowa</subfield>
            <subfield code="g">PL-CZ</subfield>
         </datafield>
         <datafield tag="410" ind1="2" ind2=" ">
            <subfield code="a">Archiwum OO. Paulinów na Jasnej Górze</subfield>
         </datafield>
         <datafield tag="622" ind1=" " ind2=" ">
            <subfield code="e">Klasztor OO. Paulinów Jasna Góra -, Biblioteka, ul. o. A. Kordeckiego 2, 42-200 Częstochowa, Poland</subfield>
            <subfield code="u">http://www.jasnagora.pl</subfield>
         </datafield>
      </record>