
      <record>
         <leader>00000nz  a2200169   4500</leader>
         <controlfield tag="001">30006280</controlfield>
         <controlfield tag="003">RISM</controlfield>
         <controlfield tag="005">20160216</controlfield>
         <controlfield tag="008">160216n||az|||||||##########||||||||||||</controlfield>
         <datafield tag="040" ind1=" " ind2=" ">
            <subfield code="a">PL-CZERs</subfield>
         </datafield>
         <datafield tag="043" ind1=" " ind2=" ">
            <subfield code="c">XA-PL</subfield>
         </datafield>
         <datafield tag="110" ind1="2" ind2=" ">
            <subfield code="a">Biblioteka Zgromadzenia Zakonnego OO. Salezjanów</subfield>
            <subfield code="c">Czerwińsk</subfield>
            <subfield code="g">PL-CZERs</subfield>
         </datafield>
         <datafield tag="410" ind1="2" ind2=" ">
            <subfield code="a">Music collection of the Salesian Convent Library</subfield>
         </datafield>
         <datafield tag="580" ind1=" " ind2=" ">
            <subfield code="x">PL-Wits</subfield>
            <subfield code="0">30006448</subfield>
         </datafield>
         <datafield tag="622" ind1=" " ind2=" ">
            <subfield code="e">Biblioteka Zgromadzenia Zakonnego OO.,  Salezjanów, ul. Klasztorna 23, 09-150 Czerwińsk, Poland</subfield>
            <subfield code="u">http://www.czerwinsk.salezjanie.pl</subfield>
         </datafield>
      </record>