
      <record>
         <leader>00000nz  a2200169   4500</leader>
         <controlfield tag="001">30070432</controlfield>
         <controlfield tag="003">RISM</controlfield>
         <controlfield tag="005">20160216</controlfield>
         <controlfield tag="008">160216n||az|||||||##########||||||||||||</controlfield>
         <datafield tag="040" ind1=" " ind2=" ">
            <subfield code="a">PL-Em</subfield>
         </datafield>
         <datafield tag="043" ind1=" " ind2=" ">
            <subfield code="c">XA-PL</subfield>
         </datafield>
         <datafield tag="110" ind1="2" ind2=" ">
            <subfield code="a">Muzeum Archeologiczno-Historyczne w Elblągu</subfield>
            <subfield code="c">Elbląg</subfield>
            <subfield code="g">PL-Em</subfield>
         </datafield>
         <datafield tag="622" ind1=" " ind2=" ">
            <subfield code="e">Muzeum Archeologiczno-Historyczne w,  Elblągu, Bulwar Zygmunta Augusta 11, 82-300 Elbląg, Poland</subfield>
            <subfield code="u">http://muzeum.elblag.pl</subfield>
         </datafield>
      </record>