
      <record>
         <leader>00000nz  a2200169   4500</leader>
         <controlfield tag="001">30006634</controlfield>
         <controlfield tag="003">RISM</controlfield>
         <controlfield tag="005">20160216</controlfield>
         <controlfield tag="008">160216n||az|||||||##########||||||||||||</controlfield>
         <datafield tag="040" ind1=" " ind2=" ">
            <subfield code="a">PL-Ep</subfield>
         </datafield>
         <datafield tag="043" ind1=" " ind2=" ">
            <subfield code="c">XA-PL</subfield>
         </datafield>
         <datafield tag="110" ind1="2" ind2=" ">
            <subfield code="a">Biblioteka Elbląska im. Cypriana Norwida. Dział Badań Regionalnych i Zbiorów Zabytkowch</subfield>
            <subfield code="c">Elbląg</subfield>
            <subfield code="g">PL-Ep</subfield>
         </datafield>
         <datafield tag="622" ind1=" " ind2=" ">
            <subfield code="e">Biblioteka Elbląska im. Cypriana,  Norwida. Dział Badań Regionalnych i,  Zbiorów Zabytkowch, ul. św. Ducha 3-7, 82-300 Elbląg, Poland</subfield>
            <subfield code="u">http://www.bibliotekaelblaska.pl</subfield>
         </datafield>
         <datafield tag="710" ind1="2" ind2=" ">
            <subfield code="a">Stadtbibliothek, Elbing (dawna Biblioteka Miejska w Elblągu)</subfield>
            <subfield code="0">30077457</subfield>
         </datafield>
      </record>