
      <record>
         <leader>00000nz  a2200169   4500</leader>
         <controlfield tag="001">30002071</controlfield>
         <controlfield tag="003">RISM</controlfield>
         <controlfield tag="005">20160216</controlfield>
         <controlfield tag="008">160216n||az|||||||##########||||||||||||</controlfield>
         <datafield tag="040" ind1=" " ind2=" ">
            <subfield code="a">PL-GD</subfield>
         </datafield>
         <datafield tag="043" ind1=" " ind2=" ">
            <subfield code="c">XA-PL</subfield>
         </datafield>
         <datafield tag="110" ind1="2" ind2=" ">
            <subfield code="a">Biblioteka Gdańska Polskiej Akademii Nauk</subfield>
            <subfield code="c">Gdańsk</subfield>
            <subfield code="g">PL-GD</subfield>
         </datafield>
         <datafield tag="410" ind1="2" ind2=" ">
            <subfield code="a">Polish Academy of Science, Gdańsk. Library</subfield>
         </datafield>
         <datafield tag="410" ind1="2" ind2=" ">
            <subfield code="a">Biblioteka Rady Miejskiej</subfield>
         </datafield>
         <datafield tag="410" ind1="2" ind2=" ">
            <subfield code="a">Bibliotheca Senatus Gedanensis</subfield>
         </datafield>
         <datafield tag="622" ind1=" " ind2=" ">
            <subfield code="e">Biblioteka Gdańska Polskiej Akademii, Nauk, ul. Wałowa 15, 80-858 Gdańsk, Poland</subfield>
            <subfield code="u">http://www.bgpan.gda.pl</subfield>
         </datafield>
         <datafield tag="710" ind1="2" ind2=" ">
            <subfield code="a">Kościół św. Katarzyny, Gdańsk</subfield>
            <subfield code="0">30076175</subfield>
         </datafield>
         <datafield tag="710" ind1="2" ind2=" ">
            <subfield code="a">Stadtbibliothek Danzig</subfield>
            <subfield code="0">54227</subfield>
         </datafield>
      </record>