
      <record>
         <leader>00000nz  a2200169   4500</leader>
         <controlfield tag="001">30005630</controlfield>
         <controlfield tag="003">RISM</controlfield>
         <controlfield tag="005">20160216</controlfield>
         <controlfield tag="008">160216n||az|||||||##########||||||||||||</controlfield>
         <datafield tag="040" ind1=" " ind2=" ">
            <subfield code="a">PL-GDap</subfield>
         </datafield>
         <datafield tag="043" ind1=" " ind2=" ">
            <subfield code="c">XA-PL</subfield>
         </datafield>
         <datafield tag="110" ind1="2" ind2=" ">
            <subfield code="a">Archiwum Państwowe w Gdańsku</subfield>
            <subfield code="c">Gdańsk</subfield>
            <subfield code="g">PL-GDap</subfield>
         </datafield>
         <datafield tag="410" ind1="2" ind2=" ">
            <subfield code="a">Gdańsk State Archives</subfield>
         </datafield>
         <datafield tag="410" ind1="2" ind2=" ">
            <subfield code="a">Archiwum Wojewódzkie w Gdańsku</subfield>
         </datafield>
         <datafield tag="622" ind1=" " ind2=" ">
            <subfield code="e">Archiwum Państwowe w Gdańsku, ul. Wały Piastowskie 5, 80-958  Gdańsk, Poland</subfield>
            <subfield code="u">http://www.gdansk.ap.gov.pl</subfield>
         </datafield>
      </record>