
      <record>
         <leader>00000nz  a2200169   4500</leader>
         <controlfield tag="001">30002073</controlfield>
         <controlfield tag="003">RISM</controlfield>
         <controlfield tag="005">20160216</controlfield>
         <controlfield tag="008">160216n||az|||||||##########||||||||||||</controlfield>
         <datafield tag="040" ind1=" " ind2=" ">
            <subfield code="a">PL-GDp</subfield>
         </datafield>
         <datafield tag="043" ind1=" " ind2=" ">
            <subfield code="c">XA-PL</subfield>
         </datafield>
         <datafield tag="110" ind1="2" ind2=" ">
            <subfield code="a">Wojewódzka i Miejska Biblioteka Publiczna im. Josepha Conrada Korzeniowskiego w Gdańsku</subfield>
            <subfield code="c">Gdańsk</subfield>
            <subfield code="g">PL-GDp</subfield>
         </datafield>
         <datafield tag="410" ind1="2" ind2=" ">
            <subfield code="a">Voivodeship Joseph Conrad Korzeniowski Public Library</subfield>
         </datafield>
         <datafield tag="622" ind1=" " ind2=" ">
            <subfield code="e">Wojewódzka i Miejska Biblioteka, Publiczna im. Josepha Conrada, Korzeniowskiego w Gdańsku, ul. Targ Rakowy 5/6, 80-806 Gdańsk, Poland</subfield>
            <subfield code="u">http://www.wbpg.org.pl</subfield>
         </datafield>
      </record>