
      <record>
         <leader>00000nz  a2200169   4500</leader>
         <controlfield tag="001">30006679</controlfield>
         <controlfield tag="003">RISM</controlfield>
         <controlfield tag="005">20160216</controlfield>
         <controlfield tag="008">160216n||az|||||||##########||||||||||||</controlfield>
         <datafield tag="040" ind1=" " ind2=" ">
            <subfield code="a">PL-GIDd</subfield>
         </datafield>
         <datafield tag="043" ind1=" " ind2=" ">
            <subfield code="c">XA-PL</subfield>
         </datafield>
         <datafield tag="110" ind1="2" ind2=" ">
            <subfield code="a">Klasztor OO. Dominikanów</subfield>
            <subfield code="c">Gidle</subfield>
            <subfield code="g">PL-GIDd</subfield>
         </datafield>
         <datafield tag="580" ind1=" " ind2=" ">
            <subfield code="x">PL-Kd</subfield>
            <subfield code="0">30002078</subfield>
         </datafield>
      </record>