
      <record>
         <leader>00000nz  a2200169   4500</leader>
         <controlfield tag="001">30003581</controlfield>
         <controlfield tag="003">RISM</controlfield>
         <controlfield tag="005">20160216</controlfield>
         <controlfield tag="008">160216n||az|||||||##########||||||||||||</controlfield>
         <datafield tag="040" ind1=" " ind2=" ">
            <subfield code="a">PL-GNd</subfield>
         </datafield>
         <datafield tag="043" ind1=" " ind2=" ">
            <subfield code="c">XA-PL</subfield>
         </datafield>
         <datafield tag="110" ind1="2" ind2=" ">
            <subfield code="a">Archiwum Archidiecezjalne</subfield>
            <subfield code="c">Gniezno</subfield>
            <subfield code="g">PL-GNd</subfield>
         </datafield>
         <datafield tag="410" ind1="2" ind2=" ">
            <subfield code="a">Archdiocesan Archives</subfield>
         </datafield>
         <datafield tag="410" ind1="2" ind2=" ">
            <subfield code="a">Archiwum Kapitulne</subfield>
         </datafield>
         <datafield tag="410" ind1="2" ind2=" ">
            <subfield code="a">Biblioteka Katedralna</subfield>
         </datafield>
         <datafield tag="622" ind1=" " ind2=" ">
            <subfield code="e">Archiwum Archidiecezjalne, ul. Kolegiaty 2, 62-200  Gniezno, Poland</subfield>
            <subfield code="u">http://www.aag.gniezno.opoka.org.pl</subfield>
         </datafield>
      </record>