
      <record>
         <leader>00000nz  a2200169   4500</leader>
         <controlfield tag="001">30006600</controlfield>
         <controlfield tag="003">RISM</controlfield>
         <controlfield tag="005">20160216</controlfield>
         <controlfield tag="008">160216n||az|||||||##########||||||||||||</controlfield>
         <datafield tag="040" ind1=" " ind2=" ">
            <subfield code="a">PL-GOkf</subfield>
         </datafield>
         <datafield tag="043" ind1=" " ind2=" ">
            <subfield code="c">XA-PL</subfield>
         </datafield>
         <datafield tag="110" ind1="2" ind2=" ">
            <subfield code="a">Biblioteka Kongregacji św. Filipa Neri na Świętej Górze</subfield>
            <subfield code="c">Gostyń</subfield>
            <subfield code="g">PL-GOkf</subfield>
         </datafield>
         <datafield tag="410" ind1="2" ind2=" ">
            <subfield code="a">Oratorium Świętogórskie</subfield>
         </datafield>
         <datafield tag="410" ind1="2" ind2=" ">
            <subfield code="a">Biblioteka Księży Filipinów na Świętej Górze w Gostyniu</subfield>
         </datafield>
      </record>