
      <record>
         <leader>00000nz  a2200169   4500</leader>
         <controlfield tag="001">30002074</controlfield>
         <controlfield tag="003">RISM</controlfield>
         <controlfield tag="005">20160216</controlfield>
         <controlfield tag="008">160216n||az|||||||##########||||||||||||</controlfield>
         <datafield tag="040" ind1=" " ind2=" ">
            <subfield code="a">PL-GR</subfield>
         </datafield>
         <datafield tag="043" ind1=" " ind2=" ">
            <subfield code="c">XA-PL</subfield>
         </datafield>
         <datafield tag="110" ind1="2" ind2=" ">
            <subfield code="a">Kościół Parafialny św. Jadwigi</subfield>
            <subfield code="c">Grodzisk Wielkopolski</subfield>
            <subfield code="g">PL-GR</subfield>
         </datafield>
         <datafield tag="410" ind1="2" ind2=" ">
            <subfield code="a">Klasztor OO. Cystersów</subfield>
         </datafield>
         <datafield tag="410" ind1="2" ind2=" ">
            <subfield code="a">Kósciół Farny</subfield>
         </datafield>
         <datafield tag="580" ind1=" " ind2=" ">
            <subfield code="x">PL-Pa</subfield>
            <subfield code="0">30000149</subfield>
         </datafield>
      </record>