
      <record>
         <leader>00000nz  a2200169   4500</leader>
         <controlfield tag="001">30006503</controlfield>
         <controlfield tag="003">RISM</controlfield>
         <controlfield tag="005">20160216</controlfield>
         <controlfield tag="008">160216n||az|||||||##########||||||||||||</controlfield>
         <datafield tag="040" ind1=" " ind2=" ">
            <subfield code="a">PL-In</subfield>
         </datafield>
         <datafield tag="043" ind1=" " ind2=" ">
            <subfield code="c">XA-PL</subfield>
         </datafield>
         <datafield tag="110" ind1="2" ind2=" ">
            <subfield code="a">Klasztor Sióstr Norbertanek, Biblioteka</subfield>
            <subfield code="c">Imbramowice</subfield>
            <subfield code="g">PL-In</subfield>
         </datafield>
         <datafield tag="622" ind1=" " ind2=" ">
            <subfield code="e">Klasztor Sióstr Norbertanek, Biblioteka, 32-353 Imbramowice, Poland</subfield>
         </datafield>
      </record>