
      <record>
         <leader>00000nz  a2200169   4500</leader>
         <controlfield tag="001">30002082</controlfield>
         <controlfield tag="003">RISM</controlfield>
         <controlfield tag="005">20160216</controlfield>
         <controlfield tag="008">160216n||az|||||||##########||||||||||||</controlfield>
         <datafield tag="040" ind1=" " ind2=" ">
            <subfield code="a">PL-KA</subfield>
         </datafield>
         <datafield tag="043" ind1=" " ind2=" ">
            <subfield code="c">XA-PL</subfield>
         </datafield>
         <datafield tag="110" ind1="2" ind2=" ">
            <subfield code="a">Biblioteka Śląska</subfield>
            <subfield code="c">Katowice</subfield>
            <subfield code="g">PL-KA</subfield>
         </datafield>
         <datafield tag="410" ind1="2" ind2=" ">
            <subfield code="a">Silesian Library</subfield>
         </datafield>
         <datafield tag="410" ind1="2" ind2=" ">
            <subfield code="a">Śląska Biblioteka Muzyczna. Oddział Biblioteki Śląskiej</subfield>
         </datafield>
         <datafield tag="410" ind1="2" ind2=" ">
            <subfield code="a">Biblioteka Sejmu Śląskiego (1922-1936)</subfield>
         </datafield>
         <datafield tag="410" ind1="2" ind2=" ">
            <subfield code="a">Śląska Biblioteka Publiczna im. J. Piłsudskiego (1936-1945)</subfield>
         </datafield>
         <datafield tag="622" ind1=" " ind2=" ">
            <subfield code="e">Biblioteka Śląska, pl. Rady Europy 1, 40-021 Katowice, Poland</subfield>
            <subfield code="u">http://www.bs.katowice.pl</subfield>
         </datafield>
      </record>