
      <record>
         <leader>00000nz  a2200169   4500</leader>
         <controlfield tag="001">30004499</controlfield>
         <controlfield tag="003">RISM</controlfield>
         <controlfield tag="005">20160216</controlfield>
         <controlfield tag="008">160216n||az|||||||##########||||||||||||</controlfield>
         <datafield tag="040" ind1=" " ind2=" ">
            <subfield code="a">PL-KAam</subfield>
         </datafield>
         <datafield tag="043" ind1=" " ind2=" ">
            <subfield code="c">XA-PL</subfield>
         </datafield>
         <datafield tag="110" ind1="2" ind2=" ">
            <subfield code="a">Biblioteka Główna Akademii Muzycznej im. Karola Szymanowskiego</subfield>
            <subfield code="c">Katowice</subfield>
            <subfield code="g">PL-KAam</subfield>
         </datafield>
         <datafield tag="410" ind1="2" ind2=" ">
            <subfield code="a">Karol Szymanowski Music Academy Main Library</subfield>
         </datafield>
         <datafield tag="410" ind1="2" ind2=" ">
            <subfield code="a">Biblioteka Główna Państwowej Wyższej Szkoły Muzycznej (bis 31.12.1979)</subfield>
         </datafield>
         <datafield tag="622" ind1=" " ind2=" ">
            <subfield code="e">Biblioteka Główna Akademii Muzycznej, im. Karola Szymanowskiego, ul. Zacisze 3, 40-025 Katowice, Poland</subfield>
            <subfield code="u">http://www.am.katowice.pl/</subfield>
         </datafield>
      </record>