
      <record>
         <leader>00000nz  a2200169   4500</leader>
         <controlfield tag="001">30079140</controlfield>
         <controlfield tag="003">RISM</controlfield>
         <controlfield tag="005">20160216</controlfield>
         <controlfield tag="008">160216n||az|||||||##########||||||||||||</controlfield>
         <datafield tag="040" ind1=" " ind2=" ">
            <subfield code="a">PL-KAM</subfield>
         </datafield>
         <datafield tag="043" ind1=" " ind2=" ">
            <subfield code="c">PL</subfield>
         </datafield>
         <datafield tag="110" ind1="2" ind2=" ">
            <subfield code="a">Kamieniecka Izba Pamiątek przy Towarzystwie Miłośników Ziemi Kamienieckiej</subfield>
            <subfield code="c">Kamieniec Ząbkowicki</subfield>
            <subfield code="g">PL-KAM</subfield>
         </datafield>
         <datafield tag="622" ind1=" " ind2=" ">
            <subfield code="e">Kamieniecka Izba Pamiątek przy,  Towarzystwie Miłośników Ziemi,  Kamienieckiej, Plac Kościelny 3, 57-230 Kamieniec Ząbkowicki, Poland</subfield>
         </datafield>
      </record>