
      <record>
         <leader>00000nz  a2200169   4500</leader>
         <controlfield tag="001">30070429</controlfield>
         <controlfield tag="003">RISM</controlfield>
         <controlfield tag="005">20160216</controlfield>
         <controlfield tag="008">160216n||az|||||||##########||||||||||||</controlfield>
         <datafield tag="040" ind1=" " ind2=" ">
            <subfield code="a">PL-KAmh</subfield>
         </datafield>
         <datafield tag="043" ind1=" " ind2=" ">
            <subfield code="c">XA-PL</subfield>
         </datafield>
         <datafield tag="110" ind1="2" ind2=" ">
            <subfield code="a">Muzeum Historii Katowic</subfield>
            <subfield code="c">Katowice</subfield>
            <subfield code="g">PL-KAmh</subfield>
         </datafield>
         <datafield tag="410" ind1="2" ind2=" ">
            <subfield code="a">Oddział Muzeum Górnośląskiego w Bytomiu (1981-1983)</subfield>
         </datafield>
         <datafield tag="622" ind1=" " ind2=" ">
            <subfield code="e">Muzeum Historii Katowic, ul. Ks. J. Szafranka 9, 40-025 Katowice, Poland</subfield>
            <subfield code="u">http://www.mhk.katowice.pl/</subfield>
         </datafield>
      </record>