
      <record>
         <leader>00000nz  a2200169   4500</leader>
         <controlfield tag="001">30079169</controlfield>
         <controlfield tag="003">RISM</controlfield>
         <controlfield tag="005">20160216</controlfield>
         <controlfield tag="008">160216n||az|||||||##########||||||||||||</controlfield>
         <datafield tag="040" ind1=" " ind2=" ">
            <subfield code="a">PL-KAMkp</subfield>
         </datafield>
         <datafield tag="043" ind1=" " ind2=" ">
            <subfield code="c">PL</subfield>
         </datafield>
         <datafield tag="110" ind1="2" ind2=" ">
            <subfield code="a">Kościół parafialny Wniebowzięcia Najświętszej Maryi Panny i św. Jakuba Starszego</subfield>
            <subfield code="c">Kamieniec Ząbkowicki</subfield>
            <subfield code="g">PL-KAMkp</subfield>
         </datafield>
         <datafield tag="410" ind1="2" ind2=" ">
            <subfield code="a">ehemalige Zisterzienserkirche „Mariä Himmelfahrt“ in Kamenz</subfield>
         </datafield>
         <datafield tag="410" ind1="2" ind2=" ">
            <subfield code="a">dawny kościół klasztoru cystersów</subfield>
         </datafield>
         <datafield tag="622" ind1=" " ind2=" ">
            <subfield code="e">Kościół parafialny Wniebowzięcia,  Najświętszej Maryi Panny i św. Jakuba,  Starszego, Plac Koscielny, Kolejowa 20, 57-230 Kamieniec Ząbkowicki, Poland</subfield>
         </datafield>
      </record>