
      <record>
         <leader>00000nz  a2200169   4500</leader>
         <controlfield tag="001">30003146</controlfield>
         <controlfield tag="003">RISM</controlfield>
         <controlfield tag="005">20160216</controlfield>
         <controlfield tag="008">160216n||az|||||||##########||||||||||||</controlfield>
         <datafield tag="040" ind1=" " ind2=" ">
            <subfield code="a">PL-Kb</subfield>
         </datafield>
         <datafield tag="043" ind1=" " ind2=" ">
            <subfield code="c">XA-PL</subfield>
         </datafield>
         <datafield tag="110" ind1="2" ind2=" ">
            <subfield code="a">Biblioteka Klasztoru OO. Bernardynów p. w. św. Bernarda ze Sieny</subfield>
            <subfield code="c">Kraków</subfield>
            <subfield code="g">PL-Kb</subfield>
         </datafield>
         <datafield tag="410" ind1="2" ind2=" ">
            <subfield code="a">Biblioteka Prowincji OO. Bernardynów</subfield>
         </datafield>
         <datafield tag="622" ind1=" " ind2=" ">
            <subfield code="e">Biblioteka Klasztoru OO. Bernardynów p.,  w. św. Bernarda ze Sieny, ul. Bernardyńska 2, 30-960  Kraków, Poland</subfield>
            <subfield code="u">http://www.bernardyni.ofm.pl</subfield>
         </datafield>
      </record>