
      <record>
         <leader>00000nz  a2200169   4500</leader>
         <controlfield tag="001">30002077</controlfield>
         <controlfield tag="003">RISM</controlfield>
         <controlfield tag="005">20160216</controlfield>
         <controlfield tag="008">160216n||az|||||||##########||||||||||||</controlfield>
         <datafield tag="040" ind1=" " ind2=" ">
            <subfield code="a">PL-Kcz</subfield>
         </datafield>
         <datafield tag="043" ind1=" " ind2=" ">
            <subfield code="c">XA-PL</subfield>
         </datafield>
         <datafield tag="110" ind1="2" ind2=" ">
            <subfield code="a">Muzeum Narodowe w Krakowie. Muzeum im. Emeryka Hutten-Czapskiego</subfield>
            <subfield code="c">Kraków</subfield>
            <subfield code="g">PL-Kcz</subfield>
         </datafield>
         <datafield tag="410" ind1="2" ind2=" ">
            <subfield code="a">National Museum in Cracow. Emeryk Hutten-Czapski Museum</subfield>
         </datafield>
         <datafield tag="410" ind1="2" ind2=" ">
            <subfield code="a">Muzeum Narodowe. Oddział Czapskich, Dział Starych Druków i Rękopisów</subfield>
         </datafield>
         <datafield tag="622" ind1=" " ind2=" ">
            <subfield code="e">Muzeum Narodowe w Krakowie. Muzeum im., Emeryka Hutten-Czapskiego, ul. Piłsudskiego 12, 31-109 Kraków, Poland</subfield>
            <subfield code="u">http://www.muzeum.krakow.pl/Muzeum-im-Emeryka-Hutten-Czapskiego.85.0.html</subfield>
         </datafield>
      </record>