
      <record>
         <leader>00000nz  a2200169   4500</leader>
         <controlfield tag="001">30002078</controlfield>
         <controlfield tag="003">RISM</controlfield>
         <controlfield tag="005">20160216</controlfield>
         <controlfield tag="008">160216n||az|||||||##########||||||||||||</controlfield>
         <datafield tag="040" ind1=" " ind2=" ">
            <subfield code="a">PL-Kd</subfield>
         </datafield>
         <datafield tag="043" ind1=" " ind2=" ">
            <subfield code="c">XA-PL</subfield>
         </datafield>
         <datafield tag="110" ind1="2" ind2=" ">
            <subfield code="a">Biblioteka Studium OO. Dominikanów. Archiwum Prowincji OO. Dominikanów</subfield>
            <subfield code="c">Kraków</subfield>
            <subfield code="g">PL-Kd</subfield>
         </datafield>
         <datafield tag="410" ind1="2" ind2=" ">
            <subfield code="a">Dominican Monastery Library and Provincial Archives</subfield>
         </datafield>
         <datafield tag="410" ind1="2" ind2=" ">
            <subfield code="a">Klasztor OO. Dominikanów</subfield>
         </datafield>
         <datafield tag="410" ind1="2" ind2=" ">
            <subfield code="a">Konwent Świętej Trójcy</subfield>
         </datafield>
         <datafield tag="622" ind1=" " ind2=" ">
            <subfield code="e">Biblioteka Studium OO. Dominikanów.,  Archiwum Prowincji OO. Dominikanów, ul. Stolarska 12, 31-043 Kraków, Poland</subfield>
         </datafield>
      </record>