
      <record>
         <leader>00000nz  a2200169   4500</leader>
         <controlfield tag="001">30004501</controlfield>
         <controlfield tag="003">RISM</controlfield>
         <controlfield tag="005">20160216</controlfield>
         <controlfield tag="008">160216n||az|||||||##########||||||||||||</controlfield>
         <datafield tag="040" ind1=" " ind2=" ">
            <subfield code="a">PL-Kdp</subfield>
         </datafield>
         <datafield tag="043" ind1=" " ind2=" ">
            <subfield code="c">XA-PL</subfield>
         </datafield>
         <datafield tag="110" ind1="2" ind2=" ">
            <subfield code="a">Ośrodek Dokumentacji Muzyki Polskiej XIX wieku im. Jana Ignacego Paderewskiego</subfield>
            <subfield code="c">Kraków</subfield>
            <subfield code="g">PL-Kdp</subfield>
         </datafield>
         <datafield tag="410" ind1="2" ind2=" ">
            <subfield code="a">Ośrodek Dokumentacji Życia i Twórczości I. J. Paderewskiego przy Katedrze Historii i Teorii Muzyki UJ</subfield>
         </datafield>
         <datafield tag="410" ind1="2" ind2=" ">
            <subfield code="a">Ignacy-Jan-Paderewski-Archiv</subfield>
         </datafield>
         <datafield tag="622" ind1=" " ind2=" ">
            <subfield code="e">Ośrodek Dokumentacji Muzyki Polskiej XIX,  wieku im. Jana Ignacego Paderewskiego, ul. Westerplatte 10, 31-033 Kraków, Poland</subfield>
         </datafield>
      </record>