
      <record>
         <leader>00000nz  a2200169   4500</leader>
         <controlfield tag="001">30006282</controlfield>
         <controlfield tag="003">RISM</controlfield>
         <controlfield tag="005">20160216</controlfield>
         <controlfield tag="008">160216n||az|||||||##########||||||||||||</controlfield>
         <datafield tag="040" ind1=" " ind2=" ">
            <subfield code="a">PL-Kf</subfield>
         </datafield>
         <datafield tag="043" ind1=" " ind2=" ">
            <subfield code="c">XA-PL</subfield>
         </datafield>
         <datafield tag="110" ind1="2" ind2=" ">
            <subfield code="a">Klasztor OO. Franciszkanów Konwentualnych</subfield>
            <subfield code="c">Kraków</subfield>
            <subfield code="g">PL-Kf</subfield>
         </datafield>
         <datafield tag="622" ind1=" " ind2=" ">
            <subfield code="e">Klasztor OO. Franciszkanów,  Konwentualnych, pl. Wszystkich Świętych 5, 31-004 Kraków, Poland</subfield>
         </datafield>
      </record>