
      <record>
         <leader>00000nz  a2200169   4500</leader>
         <controlfield tag="001">30003142</controlfield>
         <controlfield tag="003">RISM</controlfield>
         <controlfield tag="005">20160216</controlfield>
         <controlfield tag="008">160216n||az|||||||##########||||||||||||</controlfield>
         <datafield tag="040" ind1=" " ind2=" ">
            <subfield code="a">PL-KI</subfield>
         </datafield>
         <datafield tag="043" ind1=" " ind2=" ">
            <subfield code="c">XA-PL</subfield>
         </datafield>
         <datafield tag="110" ind1="2" ind2=" ">
            <subfield code="a">Biblioteka Wyższego Seminarium Duchownego</subfield>
            <subfield code="c">Kielce</subfield>
            <subfield code="g">PL-KI</subfield>
         </datafield>
         <datafield tag="410" ind1="2" ind2=" ">
            <subfield code="a">Higher Theological Seminary Library</subfield>
         </datafield>
         <datafield tag="622" ind1=" " ind2=" ">
            <subfield code="e">Biblioteka Wyższego Seminarium, Duchownego, ul. Jana Pawła II nr 7, 25-025 Kielce, Poland</subfield>
            <subfield code="u">http://www.wsd.kielce.pl</subfield>
         </datafield>
      </record>