
      <record>
         <leader>00000nz  a2200169   4500</leader>
         <controlfield tag="001">30006513</controlfield>
         <controlfield tag="003">RISM</controlfield>
         <controlfield tag="005">20160216</controlfield>
         <controlfield tag="008">160216n||az|||||||##########||||||||||||</controlfield>
         <datafield tag="040" ind1=" " ind2=" ">
            <subfield code="a">PL-KIk</subfield>
         </datafield>
         <datafield tag="043" ind1=" " ind2=" ">
            <subfield code="c">XA-PL</subfield>
         </datafield>
         <datafield tag="110" ind1="2" ind2=" ">
            <subfield code="a">Biblioteka Kapituły Katedralnej</subfield>
            <subfield code="c">Kielce</subfield>
            <subfield code="g">PL-KIk</subfield>
         </datafield>
         <datafield tag="410" ind1="2" ind2=" ">
            <subfield code="a">Capitular Library</subfield>
         </datafield>
         <datafield tag="622" ind1=" " ind2=" ">
            <subfield code="e">Biblioteka Kapituły Katedralnej, Plac Panny Marii 3, 25-010 Kielce, Poland</subfield>
         </datafield>
      </record>