
      <record>
         <leader>00000nz  a2200169   4500</leader>
         <controlfield tag="001">30070505</controlfield>
         <controlfield tag="003">RISM</controlfield>
         <controlfield tag="005">20160216</controlfield>
         <controlfield tag="008">160216n||az|||||||##########||||||||||||</controlfield>
         <datafield tag="040" ind1=" " ind2=" ">
            <subfield code="a">PL-KImhki</subfield>
         </datafield>
         <datafield tag="043" ind1=" " ind2=" ">
            <subfield code="c">XA-PL</subfield>
         </datafield>
         <datafield tag="110" ind1="2" ind2=" ">
            <subfield code="a">Muzeum Historii Kielc</subfield>
            <subfield code="c">Kielce</subfield>
            <subfield code="g">PL-KImhki</subfield>
         </datafield>
         <datafield tag="622" ind1=" " ind2=" ">
            <subfield code="e">Muzeum Historii Kielc, ul. Św. Leonarda 4, 25-303 Kielce, Poland</subfield>
            <subfield code="u">http://www.muzeumhistoriikielc.pl</subfield>
         </datafield>
      </record>