
      <record>
         <leader>00000nz  a2200169   4500</leader>
         <controlfield tag="001">30002079</controlfield>
         <controlfield tag="003">RISM</controlfield>
         <controlfield tag="005">20160216</controlfield>
         <controlfield tag="008">160216n||az|||||||##########||||||||||||</controlfield>
         <datafield tag="040" ind1=" " ind2=" ">
            <subfield code="a">PL-Kj</subfield>
         </datafield>
         <datafield tag="043" ind1=" " ind2=" ">
            <subfield code="c">XA-PL</subfield>
         </datafield>
         <datafield tag="110" ind1="2" ind2=" ">
            <subfield code="a">Biblioteka Jagiellońska</subfield>
            <subfield code="c">Kraków</subfield>
            <subfield code="g">PL-Kj</subfield>
         </datafield>
         <datafield tag="410" ind1="2" ind2=" ">
            <subfield code="a">Jagiellonian Library</subfield>
         </datafield>
         <datafield tag="410" ind1="2" ind2=" ">
            <subfield code="a">Uniwersytet Jagielloński. Biblioteka Jagiellońska, Oddział Zbiorów Muzycznych</subfield>
         </datafield>
         <datafield tag="622" ind1=" " ind2=" ">
            <subfield code="e">Biblioteka Jagiellońska, al. Mickiewicza 22, 30-059 Kraków, Poland</subfield>
            <subfield code="u">http://www.bj.uj.edu.pl</subfield>
         </datafield>
         <datafield tag="710" ind1="2" ind2=" ">
            <subfield code="a">Preussische Staatsbibliothek in Berlin (Dawna Pruska Biblioteka Państwowa)</subfield>
            <subfield code="0">30076177</subfield>
         </datafield>
      </record>