
      <record>
         <leader>00000nz  a2200169   4500</leader>
         <controlfield tag="001">30002080</controlfield>
         <controlfield tag="003">RISM</controlfield>
         <controlfield tag="005">20160216</controlfield>
         <controlfield tag="008">160216n||az|||||||##########||||||||||||</controlfield>
         <datafield tag="040" ind1=" " ind2=" ">
            <subfield code="a">PL-Kk</subfield>
         </datafield>
         <datafield tag="043" ind1=" " ind2=" ">
            <subfield code="c">XA-PL</subfield>
         </datafield>
         <datafield tag="110" ind1="2" ind2=" ">
            <subfield code="a">Archiwum i Biblioteka Krakowskiej Kapituły Katedralnej</subfield>
            <subfield code="c">Kraków</subfield>
            <subfield code="g">PL-Kk</subfield>
         </datafield>
         <datafield tag="410" ind1="2" ind2=" ">
            <subfield code="a">Archives and Library of Cracow Cathedral Chapter</subfield>
         </datafield>
         <datafield tag="410" ind1="2" ind2=" ">
            <subfield code="a">Archiwum i Biblioteka Kapituły Metropolitalnej Krakowskiej</subfield>
         </datafield>
         <datafield tag="410" ind1="2" ind2=" ">
            <subfield code="a">Kapituła Metropolitalna</subfield>
         </datafield>
         <datafield tag="410" ind1="2" ind2=" ">
            <subfield code="a">Biblioteka Kapituły Katedralnej</subfield>
         </datafield>
         <datafield tag="410" ind1="2" ind2=" ">
            <subfield code="a">Archiwum Kapituły Krakowskiej</subfield>
         </datafield>
         <datafield tag="622" ind1=" " ind2=" ">
            <subfield code="e">Archiwum i Biblioteka Krakowskiej,  Kapituły Katedralnej, Wawel 3, 31-001 Kraków, Poland</subfield>
         </datafield>
         <datafield tag="710" ind1="2" ind2=" ">
            <subfield code="a">Archiwum Adolfa Chybińskiego, Poznań</subfield>
            <subfield code="0">30077456</subfield>
         </datafield>
      </record>