
      <record>
         <leader>00000nz  a2200169   4500</leader>
         <controlfield tag="001">30003147</controlfield>
         <controlfield tag="003">RISM</controlfield>
         <controlfield tag="005">20160216</controlfield>
         <controlfield tag="008">160216n||az|||||||##########||||||||||||</controlfield>
         <datafield tag="040" ind1=" " ind2=" ">
            <subfield code="a">PL-Kklar</subfield>
         </datafield>
         <datafield tag="043" ind1=" " ind2=" ">
            <subfield code="c">XA-PL</subfield>
         </datafield>
         <datafield tag="110" ind1="2" ind2=" ">
            <subfield code="a">Zbiory Klasztoru SS. Klarysek</subfield>
            <subfield code="c">Kraków</subfield>
            <subfield code="g">PL-Kklar</subfield>
         </datafield>
         <datafield tag="410" ind1="2" ind2=" ">
            <subfield code="a">Library Collections of the St. Clara Convent</subfield>
         </datafield>
         <datafield tag="410" ind1="2" ind2=" ">
            <subfield code="a">Biblioteka Klasztoru SS. Klarysek</subfield>
         </datafield>
         <datafield tag="410" ind1="2" ind2=" ">
            <subfield code="a">Klasztor PP. Klarysek, Biblioteka</subfield>
         </datafield>
         <datafield tag="622" ind1=" " ind2=" ">
            <subfield code="e">Zbiory Klasztoru SS. Klarysek, ul. Grodzka 54, 31-044 Kraków, Poland</subfield>
         </datafield>
      </record>