
      <record>
         <leader>00000nz  a2200169   4500</leader>
         <controlfield tag="001">30006505</controlfield>
         <controlfield tag="003">RISM</controlfield>
         <controlfield tag="005">20160216</controlfield>
         <controlfield tag="008">160216n||az|||||||##########||||||||||||</controlfield>
         <datafield tag="040" ind1=" " ind2=" ">
            <subfield code="a">PL-Kkr</subfield>
         </datafield>
         <datafield tag="043" ind1=" " ind2=" ">
            <subfield code="c">XA-PL</subfield>
         </datafield>
         <datafield tag="110" ind1="2" ind2=" ">
            <subfield code="a">Zakon Księży Kanoników Regularnych Laterańskich. Archiwum i Biblioteka</subfield>
            <subfield code="c">Kraków</subfield>
            <subfield code="g">PL-Kkr</subfield>
         </datafield>
         <datafield tag="410" ind1="2" ind2=" ">
            <subfield code="a">Congregatio Sanctissimi Salvatoris Cannonicorum Regularis Lateranensis</subfield>
         </datafield>
         <datafield tag="410" ind1="2" ind2=" ">
            <subfield code="a">Zgromadzenie Księży Kanoników Regularnych Laterańskich</subfield>
         </datafield>
         <datafield tag="622" ind1=" " ind2=" ">
            <subfield code="e">Zakon Księży Kanoników Regularnych,  Laterańskich. Archiwum i Biblioteka, ul. Bożego Ciała 26, 31-059 Kraków, Poland</subfield>
         </datafield>
      </record>