
      <record>
         <leader>00000nz  a2200169   4500</leader>
         <controlfield tag="001">30006629</controlfield>
         <controlfield tag="003">RISM</controlfield>
         <controlfield tag="005">20160216</controlfield>
         <controlfield tag="008">160216n||az|||||||##########||||||||||||</controlfield>
         <datafield tag="040" ind1=" " ind2=" ">
            <subfield code="a">PL-Km</subfield>
         </datafield>
         <datafield tag="043" ind1=" " ind2=" ">
            <subfield code="c">XA-PL</subfield>
         </datafield>
         <datafield tag="110" ind1="2" ind2=" ">
            <subfield code="a">Biblioteka Zgromadzenia Księży Misjonarzy w Krakowie</subfield>
            <subfield code="c">Kraków</subfield>
            <subfield code="g">PL-Km</subfield>
         </datafield>
         <datafield tag="622" ind1=" " ind2=" ">
            <subfield code="e">Biblioteka Zgromadzenia Księży,  Misjonarzy w Krakowie, ul. Stradomska 4, 31-058 Kraków, Poland</subfield>
            <subfield code="u">http://www.misjonarze.pl/biblioteka</subfield>
         </datafield>
      </record>