
      <record>
         <leader>00000nz  a2200169   4500</leader>
         <controlfield tag="001">30070422</controlfield>
         <controlfield tag="003">RISM</controlfield>
         <controlfield tag="005">20160216</controlfield>
         <controlfield tag="008">160216n||az|||||||##########||||||||||||</controlfield>
         <datafield tag="040" ind1=" " ind2=" ">
            <subfield code="a">PL-Kmh</subfield>
         </datafield>
         <datafield tag="043" ind1=" " ind2=" ">
            <subfield code="c">XA-PL</subfield>
         </datafield>
         <datafield tag="110" ind1="2" ind2=" ">
            <subfield code="a">Muzeum Historyczne m. Krakowa. Biblioteka Naukowa i Archiwum</subfield>
            <subfield code="c">Kraków</subfield>
            <subfield code="g">PL-Kmh</subfield>
         </datafield>
         <datafield tag="622" ind1=" " ind2=" ">
            <subfield code="e">Muzeum Historyczne m. Krakowa.,  Biblioteka Naukowa i Archiwum, Palac Krzysztofory, Rynek Główny 35, 31-011 Kraków, Poland</subfield>
            <subfield code="u">http://www.mhk.pl/zbiory_biblioteka.php</subfield>
         </datafield>
      </record>