
      <record>
         <leader>00000nz  a2200169   4500</leader>
         <controlfield tag="001">30003141</controlfield>
         <controlfield tag="003">RISM</controlfield>
         <controlfield tag="005">20160216</controlfield>
         <controlfield tag="008">160216n||az|||||||##########||||||||||||</controlfield>
         <datafield tag="040" ind1=" " ind2=" ">
            <subfield code="a">PL-Kn</subfield>
         </datafield>
         <datafield tag="043" ind1=" " ind2=" ">
            <subfield code="c">XA-PL</subfield>
         </datafield>
         <datafield tag="110" ind1="2" ind2=" ">
            <subfield code="a">Muzeum Narodowe w Krakowie. Biblioteka</subfield>
            <subfield code="c">Kraków</subfield>
            <subfield code="g">PL-Kn</subfield>
         </datafield>
         <datafield tag="410" ind1="2" ind2=" ">
            <subfield code="a">National Museum in Cracow. Library</subfield>
         </datafield>
         <datafield tag="622" ind1=" " ind2=" ">
            <subfield code="e">Muzeum Narodowe w Krakowie. Biblioteka, al. 3 Maja 1, 30-062 Kraków, Poland</subfield>
            <subfield code="u">http://www.muzeum.krakow.pl</subfield>
         </datafield>
      </record>