
      <record>
         <leader>00000nz  a2200169   4500</leader>
         <controlfield tag="001">30006359</controlfield>
         <controlfield tag="003">RISM</controlfield>
         <controlfield tag="005">20160216</controlfield>
         <controlfield tag="008">160216n||az|||||||##########||||||||||||</controlfield>
         <datafield tag="040" ind1=" " ind2=" ">
            <subfield code="a">PL-Knkj</subfield>
         </datafield>
         <datafield tag="043" ind1=" " ind2=" ">
            <subfield code="c">XA-PL</subfield>
         </datafield>
         <datafield tag="110" ind1="2" ind2=" ">
            <subfield code="a">Biblioteka Naukowa Księży Jezuitów</subfield>
            <subfield code="c">Kraków</subfield>
            <subfield code="g">PL-Knkj</subfield>
         </datafield>
         <datafield tag="410" ind1="2" ind2=" ">
            <subfield code="a">Biblioteka Księży Jezuitów</subfield>
         </datafield>
         <datafield tag="622" ind1=" " ind2=" ">
            <subfield code="e">Biblioteka Naukowa Księży Jezuitów, ul. Mikołaja Kopernika 26, 31-501 Kraków, Poland</subfield>
            <subfield code="u">http://www.jezuici.krakow.pl/bibl</subfield>
         </datafield>
      </record>