
      <record>
         <leader>00000nz  a2200169   4500</leader>
         <controlfield tag="001">30006284</controlfield>
         <controlfield tag="003">RISM</controlfield>
         <controlfield tag="005">20160216</controlfield>
         <controlfield tag="008">160216n||az|||||||##########||||||||||||</controlfield>
         <datafield tag="040" ind1=" " ind2=" ">
            <subfield code="a">PL-Knor</subfield>
         </datafield>
         <datafield tag="043" ind1=" " ind2=" ">
            <subfield code="c">XA-PL</subfield>
         </datafield>
         <datafield tag="110" ind1="2" ind2=" ">
            <subfield code="a">Zbiory Klasztoru SS. Norbertanek na Zwierzyńcu</subfield>
            <subfield code="c">Kraków</subfield>
            <subfield code="g">PL-Knor</subfield>
         </datafield>
         <datafield tag="410" ind1="2" ind2=" ">
            <subfield code="a">Library collections of the Norbertine nuns Convent at Zwierzyniec</subfield>
         </datafield>
         <datafield tag="622" ind1=" " ind2=" ">
            <subfield code="e">Zbiory Klasztoru SS. Norbertanek na,  Zwierzyńcu, ul. Kościuszki 88, 30-114 Kraków, Poland</subfield>
         </datafield>
      </record>