
      <record>
         <leader>00000nz  a2200169   4500</leader>
         <controlfield tag="001">30002084</controlfield>
         <controlfield tag="003">RISM</controlfield>
         <controlfield tag="005">20160216</controlfield>
         <controlfield tag="008">160216n||az|||||||##########||||||||||||</controlfield>
         <datafield tag="040" ind1=" " ind2=" ">
            <subfield code="a">PL-KÓ</subfield>
         </datafield>
         <datafield tag="043" ind1=" " ind2=" ">
            <subfield code="c">XA-PL</subfield>
         </datafield>
         <datafield tag="110" ind1="2" ind2=" ">
            <subfield code="a">Biblioteka Kórnicka Polskiej Akademii Nauk</subfield>
            <subfield code="c">Kórnik</subfield>
            <subfield code="g">PL-KÓ</subfield>
         </datafield>
         <datafield tag="410" ind1="2" ind2=" ">
            <subfield code="a">Polish Academy of Science, Kórnik. Library</subfield>
         </datafield>
         <datafield tag="410" ind1="2" ind2=" ">
            <subfield code="a">Biblioteka Kórnicka Polskiej Akademii Nauk. Sekcja Muzykaliów</subfield>
         </datafield>
         <datafield tag="622" ind1=" " ind2=" ">
            <subfield code="e">Biblioteka Kórnicka Polskiej Akademii, Nauk, ul. Zamkowa 5, 62-035 Kórnik, Poland</subfield>
            <subfield code="u">http://www.bkpan.poznan.pl/biblioteka/index.html</subfield>
         </datafield>
      </record>