
      <record>
         <leader>00000nz  a2200169   4500</leader>
         <controlfield tag="001">30002081</controlfield>
         <controlfield tag="003">RISM</controlfield>
         <controlfield tag="005">20160216</controlfield>
         <controlfield tag="008">160216n||az|||||||##########||||||||||||</controlfield>
         <datafield tag="040" ind1=" " ind2=" ">
            <subfield code="a">PL-Kp</subfield>
         </datafield>
         <datafield tag="043" ind1=" " ind2=" ">
            <subfield code="c">XA-PL</subfield>
         </datafield>
         <datafield tag="110" ind1="2" ind2=" ">
            <subfield code="a">Biblioteka Naukowa Polskiej Akademii Umiejętności i Polskiej Akademii Nauk w Krakowie</subfield>
            <subfield code="c">Kraków</subfield>
            <subfield code="g">PL-Kp</subfield>
         </datafield>
         <datafield tag="410" ind1="2" ind2=" ">
            <subfield code="a">Polish Academy of Science, Kraków. Library</subfield>
         </datafield>
         <datafield tag="622" ind1=" " ind2=" ">
            <subfield code="e">Biblioteka Naukowa Polskiej Akademii, Umiejętności i Polskiej Akademii Nauk, Krakowie, ul. Sławkowska 17, 31-016 Kraków, Poland</subfield>
            <subfield code="u">http://www.biblioteka.pau.krakow.pl/</subfield>
         </datafield>
      </record>