
      <record>
         <leader>00000nz  a2200169   4500</leader>
         <controlfield tag="001">30003582</controlfield>
         <controlfield tag="003">RISM</controlfield>
         <controlfield tag="005">20160216</controlfield>
         <controlfield tag="008">160216n||az|||||||##########||||||||||||</controlfield>
         <datafield tag="040" ind1=" " ind2=" ">
            <subfield code="a">PL-Kpa</subfield>
         </datafield>
         <datafield tag="043" ind1=" " ind2=" ">
            <subfield code="c">XA-PL</subfield>
         </datafield>
         <datafield tag="110" ind1="2" ind2=" ">
            <subfield code="a">Archiwum Państwowe</subfield>
            <subfield code="c">Kraków</subfield>
            <subfield code="g">PL-Kpa</subfield>
         </datafield>
         <datafield tag="410" ind1="2" ind2=" ">
            <subfield code="a">Archiwum Państwowe Miasta Krakowa i Województwa Krakowskiego</subfield>
         </datafield>
         <datafield tag="622" ind1=" " ind2=" ">
            <subfield code="e">Archiwum Państwowe, ul. Sienna 16, 31-960 Kraków, Poland</subfield>
         </datafield>
      </record>