
      <record>
         <leader>00000nz  a2200169   4500</leader>
         <controlfield tag="001">30006630</controlfield>
         <controlfield tag="003">RISM</controlfield>
         <controlfield tag="005">20160216</controlfield>
         <controlfield tag="008">160216n||az|||||||##########||||||||||||</controlfield>
         <datafield tag="040" ind1=" " ind2=" ">
            <subfield code="a">PL-Kpaul</subfield>
         </datafield>
         <datafield tag="043" ind1=" " ind2=" ">
            <subfield code="c">XA-PL</subfield>
         </datafield>
         <datafield tag="110" ind1="2" ind2=" ">
            <subfield code="a">Kościół i Klasztor na Skałce. Archiwum</subfield>
            <subfield code="c">Kraków</subfield>
            <subfield code="g">PL-Kpaul</subfield>
         </datafield>
         <datafield tag="410" ind1="2" ind2=" ">
            <subfield code="a">Archiwum klasztoru oo. Paulinów na Skałce w Krakowie</subfield>
         </datafield>
         <datafield tag="410" ind1="2" ind2=" ">
            <subfield code="a">Biblioteka OO. Paulinów na Skałce</subfield>
         </datafield>
         <datafield tag="622" ind1=" " ind2=" ">
            <subfield code="e">Kościół i Klasztor na Skałce. Archiwum, ul. Skałeczna 15, 31-065 Kraków, Poland</subfield>
            <subfield code="u">http://www.skalka.paulini.pl/index1.html</subfield>
         </datafield>
      </record>