
      <record>
         <leader>00000nz  a2200169   4500</leader>
         <controlfield tag="001">30004500</controlfield>
         <controlfield tag="003">RISM</controlfield>
         <controlfield tag="005">20160216</controlfield>
         <controlfield tag="008">160216n||az|||||||##########||||||||||||</controlfield>
         <datafield tag="040" ind1=" " ind2=" ">
            <subfield code="a">PL-Kpwm</subfield>
         </datafield>
         <datafield tag="043" ind1=" " ind2=" ">
            <subfield code="c">XA-PL</subfield>
         </datafield>
         <datafield tag="110" ind1="2" ind2=" ">
            <subfield code="a">Biblioteka Polskiego Wydawnictwa Muzycznego</subfield>
            <subfield code="c">Kraków</subfield>
            <subfield code="g">PL-Kpwm</subfield>
         </datafield>
         <datafield tag="410" ind1="2" ind2=" ">
            <subfield code="a">Polish Music Publications Library</subfield>
         </datafield>
         <datafield tag="622" ind1=" " ind2=" ">
            <subfield code="e">Biblioteka Polskiego Wydawnictwa,  Muzycznego, al. Krasińskiego 11a, 31-111 Kraków, Poland</subfield>
            <subfield code="u">http://www.pwm.com.pl/</subfield>
         </datafield>
      </record>