
      <record>
         <leader>00000nz  a2200169   4500</leader>
         <controlfield tag="001">30003140</controlfield>
         <controlfield tag="003">RISM</controlfield>
         <controlfield tag="005">20160216</controlfield>
         <controlfield tag="008">160216n||az|||||||##########||||||||||||</controlfield>
         <datafield tag="040" ind1=" " ind2=" ">
            <subfield code="a">PL-KRZ</subfield>
         </datafield>
         <datafield tag="043" ind1=" " ind2=" ">
            <subfield code="c">XA-PL</subfield>
         </datafield>
         <datafield tag="110" ind1="2" ind2=" ">
            <subfield code="a">Opactwo Benedyktynek</subfield>
            <subfield code="c">Krzeszów Kamiennogórski</subfield>
            <subfield code="g">PL-KRZ</subfield>
         </datafield>
         <datafield tag="410" ind1="2" ind2=" ">
            <subfield code="a">Klasztor PP. Benedyktynek</subfield>
         </datafield>
         <datafield tag="410" ind1="2" ind2=" ">
            <subfield code="a">Cysterski Kościół Parafialny</subfield>
         </datafield>
         <datafield tag="622" ind1=" " ind2=" ">
            <subfield code="e">Opactwo Benedyktynek, Plac Jana Pawła II 5, 58-405 Krzeszów Kamiennogórski, Poland</subfield>
            <subfield code="u">http://benedyktynki-krzeszow.pl/</subfield>
         </datafield>
         <datafield tag="710" ind1="2" ind2=" ">
            <subfield code="a">Zbiór pocysterski</subfield>
            <subfield code="0">30076178</subfield>
         </datafield>
      </record>