
      <record>
         <leader>00000nz  a2200169   4500</leader>
         <controlfield tag="001">30080642</controlfield>
         <controlfield tag="003">RISM</controlfield>
         <controlfield tag="005">20160216</controlfield>
         <controlfield tag="008">160216n||az|||||||##########||||||||||||</controlfield>
         <datafield tag="040" ind1=" " ind2=" ">
            <subfield code="a">PL-KŁwnm</subfield>
         </datafield>
         <datafield tag="043" ind1=" " ind2=" ">
            <subfield code="c">XA-PL</subfield>
         </datafield>
         <datafield tag="110" ind1="2" ind2=" ">
            <subfield code="a">Parafia Rzymskokatolicka Wniebowzięcia Najświętszej Maryi Panny</subfield>
            <subfield code="c">Kłodzko</subfield>
            <subfield code="g">PL-KŁwnm</subfield>
         </datafield>
         <datafield tag="622" ind1=" " ind2=" ">
            <subfield code="e">Parafia Rzymskokatolicka Wniebowzięcia,  Najświętszej Maryi Panny, Pl. Kościelny 9, 57-300 Kłodzko, Poland</subfield>
            <subfield code="u">http://www.klodzko.jezuici.pl/</subfield>
         </datafield>
      </record>