
      <record>
         <leader>00000nz  a2200169   4500</leader>
         <controlfield tag="001">30006602</controlfield>
         <controlfield tag="003">RISM</controlfield>
         <controlfield tag="005">20160216</controlfield>
         <controlfield tag="008">160216n||az|||||||##########||||||||||||</controlfield>
         <datafield tag="040" ind1=" " ind2=" ">
            <subfield code="a">PL-Ld</subfield>
         </datafield>
         <datafield tag="043" ind1=" " ind2=" ">
            <subfield code="c">XA-PL</subfield>
         </datafield>
         <datafield tag="110" ind1="2" ind2=" ">
            <subfield code="a">Konwent św. Stanisława</subfield>
            <subfield code="c">Lublin</subfield>
            <subfield code="g">PL-Ld</subfield>
         </datafield>
         <datafield tag="622" ind1=" " ind2=" ">
            <subfield code="e">Konwent św. Stanisława, OO. Dominikanie, ul. Złota 9, 20-112 Lublin, Poland</subfield>
            <subfield code="u">http://www.dominikanie.lub.pl</subfield>
         </datafield>
      </record>