
      <record>
         <leader>00000nz  a2200169   4500</leader>
         <controlfield tag="001">30002088</controlfield>
         <controlfield tag="003">RISM</controlfield>
         <controlfield tag="005">20160216</controlfield>
         <controlfield tag="008">160216n||az|||||||##########||||||||||||</controlfield>
         <datafield tag="040" ind1=" " ind2=" ">
            <subfield code="a">PL-LEtpn</subfield>
         </datafield>
         <datafield tag="043" ind1=" " ind2=" ">
            <subfield code="c">XA-PL</subfield>
         </datafield>
         <datafield tag="110" ind1="2" ind2=" ">
            <subfield code="a">Biblioteka Towarzystwa Przyjaciół Nauk</subfield>
            <subfield code="c">Legnica</subfield>
            <subfield code="g">PL-LEtpn</subfield>
         </datafield>
         <datafield tag="410" ind1="2" ind2=" ">
            <subfield code="a">Friends of Learning Society Library</subfield>
         </datafield>
         <datafield tag="622" ind1=" " ind2=" ">
            <subfield code="e">Biblioteka Towarzystwa Przyjaciół Nauk, ul. Lotnicza 26, 59-220 Legnica, Poland</subfield>
            <subfield code="u">http://tpn.legnica.pl/</subfield>
         </datafield>
         <datafield tag="710" ind1="2" ind2=" ">
            <subfield code="a">Bibliotheca Rudolphina</subfield>
            <subfield code="0">30076123</subfield>
         </datafield>
      </record>