
      <record>
         <leader>00000nz  a2200169   4500</leader>
         <controlfield tag="001">30002085</controlfield>
         <controlfield tag="003">RISM</controlfield>
         <controlfield tag="005">20160216</controlfield>
         <controlfield tag="008">160216n||az|||||||##########||||||||||||</controlfield>
         <datafield tag="040" ind1=" " ind2=" ">
            <subfield code="a">PL-Lk</subfield>
         </datafield>
         <datafield tag="043" ind1=" " ind2=" ">
            <subfield code="c">XA-PL</subfield>
         </datafield>
         <datafield tag="110" ind1="2" ind2=" ">
            <subfield code="a">Biblioteka Uniwersytecka Katolickiego Uniwersytetu Lubelskiego Jana Pawła II</subfield>
            <subfield code="c">Lublin</subfield>
            <subfield code="g">PL-Lk</subfield>
         </datafield>
         <datafield tag="410" ind1="2" ind2=" ">
            <subfield code="a">Catholic University of Lublin. University Library</subfield>
         </datafield>
         <datafield tag="622" ind1=" " ind2=" ">
            <subfield code="e">Biblioteka Uniwersytecka Katolickiego, Uniwersytetu Lubelskiego Jana Pawła II, ul. Chopina 27, 20-023 Lublin, Poland</subfield>
            <subfield code="u">http://www.kul.pl/biblioteka,191.html</subfield>
         </datafield>
      </record>