
      <record>
         <leader>00000nz  a2200169   4500</leader>
         <controlfield tag="001">30006515</controlfield>
         <controlfield tag="003">RISM</controlfield>
         <controlfield tag="005">20160216</controlfield>
         <controlfield tag="008">160216n||az|||||||##########||||||||||||</controlfield>
         <datafield tag="040" ind1=" " ind2=" ">
            <subfield code="a">PL-Ls</subfield>
         </datafield>
         <datafield tag="043" ind1=" " ind2=" ">
            <subfield code="c">XA-PL</subfield>
         </datafield>
         <datafield tag="110" ind1="2" ind2=" ">
            <subfield code="a">Biblioteka Metropolitalnego Wyższego Seminarium Duchownego</subfield>
            <subfield code="c">Lublin</subfield>
            <subfield code="g">PL-Ls</subfield>
         </datafield>
         <datafield tag="410" ind1="2" ind2=" ">
            <subfield code="a">Biblioteka Wyższego Seminarium Duchownego</subfield>
         </datafield>
         <datafield tag="622" ind1=" " ind2=" ">
            <subfield code="e">Biblioteka Metropolitalnego Wyższego,  Seminarium Duchownego, ul. Prymasa Wyszyńskiego 6, 20-950 Lublin, Poland</subfield>
         </datafield>
      </record>