
      <record>
         <leader>00000nz  a2200169   4500</leader>
         <controlfield tag="001">30003143</controlfield>
         <controlfield tag="003">RISM</controlfield>
         <controlfield tag="005">20160216</controlfield>
         <controlfield tag="008">160216n||az|||||||##########||||||||||||</controlfield>
         <datafield tag="040" ind1=" " ind2=" ">
            <subfield code="a">PL-LSZ</subfield>
         </datafield>
         <datafield tag="043" ind1=" " ind2=" ">
            <subfield code="c">XA-PL</subfield>
         </datafield>
         <datafield tag="110" ind1="2" ind2=" ">
            <subfield code="a">Biblioteka Polskiej Akademii Nauk</subfield>
            <subfield code="c">Leszno</subfield>
            <subfield code="g">PL-LSZ</subfield>
         </datafield>
         <datafield tag="580" ind1=" " ind2=" ">
            <subfield code="x">PL-KÓ</subfield>
            <subfield code="0">30002084</subfield>
         </datafield>
      </record>