
      <record>
         <leader>00000nz  a2200169   4500</leader>
         <controlfield tag="001">30076921</controlfield>
         <controlfield tag="003">RISM</controlfield>
         <controlfield tag="005">20160216</controlfield>
         <controlfield tag="008">160216n||az|||||||##########||||||||||||</controlfield>
         <datafield tag="040" ind1=" " ind2=" ">
            <subfield code="a">PL-LSZpj</subfield>
         </datafield>
         <datafield tag="043" ind1=" " ind2=" ">
            <subfield code="c">XA-PL</subfield>
         </datafield>
         <datafield tag="110" ind1="2" ind2=" ">
            <subfield code="a">Parafia Św. Jana Chrzciciela w Lesznie - Biblioteka parafialna</subfield>
            <subfield code="c">Leszno</subfield>
            <subfield code="g">PL-LSZpj</subfield>
         </datafield>
         <datafield tag="622" ind1=" " ind2=" ">
            <subfield code="e">Parafia Św. Jana Chrzciciela w Lesznie, - Biblioteka parafialna, ul. Bolesława Chrobrego 28, 64-100 Leszno, Poland</subfield>
            <subfield code="u">http://www.jan.chrzciciel.leszno.pl/</subfield>
         </datafield>
      </record>