
      <record>
         <leader>00000nz  a2200169   4500</leader>
         <controlfield tag="001">30070421</controlfield>
         <controlfield tag="003">RISM</controlfield>
         <controlfield tag="005">20160216</controlfield>
         <controlfield tag="008">160216n||az|||||||##########||||||||||||</controlfield>
         <datafield tag="040" ind1=" " ind2=" ">
            <subfield code="a">PL-LUben</subfield>
         </datafield>
         <datafield tag="043" ind1=" " ind2=" ">
            <subfield code="c">XA-PL</subfield>
         </datafield>
         <datafield tag="110" ind1="2" ind2=" ">
            <subfield code="a">Klasztor OO. Benedyktynów. Biblioteka</subfield>
            <subfield code="c">Lubiń</subfield>
            <subfield code="g">PL-LUben</subfield>
         </datafield>
         <datafield tag="410" ind1="2" ind2=" ">
            <subfield code="a">Kościół klasztorny pw. Narodzenia NMP</subfield>
         </datafield>
         <datafield tag="622" ind1=" " ind2=" ">
            <subfield code="e">Klasztor OO. Benedyktynów. Biblioteka, ul. Mickiewicza 6, 64-007 Lubiń, Poland</subfield>
            <subfield code="u">http://lubin.benedyktyni.pl/historia</subfield>
         </datafield>
      </record>