
      <record>
         <leader>00000nz  a2200169   4500</leader>
         <controlfield tag="001">30002086</controlfield>
         <controlfield tag="003">RISM</controlfield>
         <controlfield tag="005">20160216</controlfield>
         <controlfield tag="008">160216n||az|||||||##########||||||||||||</controlfield>
         <datafield tag="040" ind1=" " ind2=" ">
            <subfield code="a">PL-Lw</subfield>
         </datafield>
         <datafield tag="043" ind1=" " ind2=" ">
            <subfield code="c">XA-PL</subfield>
         </datafield>
         <datafield tag="110" ind1="2" ind2=" ">
            <subfield code="a">Wojewódzka Biblioteka Publiczna im. Hieronima Łopacińskiego</subfield>
            <subfield code="c">Lublin</subfield>
            <subfield code="g">PL-Lw</subfield>
         </datafield>
         <datafield tag="410" ind1="2" ind2=" ">
            <subfield code="a">Voivodship Hieronim Łopaciński Public Library</subfield>
         </datafield>
         <datafield tag="622" ind1=" " ind2=" ">
            <subfield code="e">Wojewódzka Biblioteka Publiczna im., Hieronima Łopacińskiego, ul. G. Narutowicza 4, 20-950 Lublin, Poland</subfield>
            <subfield code="u">http://hl.wbp.lublin.pl/wbp/</subfield>
         </datafield>
      </record>