
      <record>
         <leader>00000nz  a2200169   4500</leader>
         <controlfield tag="001">30002091</controlfield>
         <controlfield tag="003">RISM</controlfield>
         <controlfield tag="005">20160216</controlfield>
         <controlfield tag="008">160216n||az|||||||##########||||||||||||</controlfield>
         <datafield tag="040" ind1=" " ind2=" ">
            <subfield code="a">PL-MO</subfield>
         </datafield>
         <datafield tag="043" ind1=" " ind2=" ">
            <subfield code="c">XA-PL</subfield>
         </datafield>
         <datafield tag="110" ind1="2" ind2=" ">
            <subfield code="a">Opactwo Cystersów, Archiwum i Biblioteka</subfield>
            <subfield code="c">Kraków-Mogiła</subfield>
            <subfield code="g">PL-MO</subfield>
         </datafield>
         <datafield tag="410" ind1="2" ind2=" ">
            <subfield code="a">Archiwum Cystersów w Mogile</subfield>
         </datafield>
         <datafield tag="410" ind1="2" ind2=" ">
            <subfield code="a">Klasztor OO. Cystersów w Mogile, Kraków</subfield>
         </datafield>
         <datafield tag="622" ind1=" " ind2=" ">
            <subfield code="e">Opactwo Cystersów, Archiwum i Biblioteka, ul. Klasztorna 11, 31-979 Kraków-Mogiła, Poland</subfield>
            <subfield code="u">http://www.mogila.cystersi.pl/</subfield>
         </datafield>
      </record>