
      <record>
         <leader>00000nz  a2200169   4500</leader>
         <controlfield tag="001">30070420</controlfield>
         <controlfield tag="003">RISM</controlfield>
         <controlfield tag="005">20160216</controlfield>
         <controlfield tag="008">160216n||az|||||||##########||||||||||||</controlfield>
         <datafield tag="040" ind1=" " ind2=" ">
            <subfield code="a">PL-NSm</subfield>
         </datafield>
         <datafield tag="043" ind1=" " ind2=" ">
            <subfield code="c">XA-PL</subfield>
         </datafield>
         <datafield tag="110" ind1="2" ind2=" ">
            <subfield code="a">Muzeum Okręgowe</subfield>
            <subfield code="c">Nowy Sącz</subfield>
            <subfield code="g">PL-NSm</subfield>
         </datafield>
         <datafield tag="622" ind1=" " ind2=" ">
            <subfield code="e">Muzeum Okręgowe, Dom Gotycki, ul. Lwowska 3, 33-300 Nowy Sącz, Poland</subfield>
            <subfield code="u">http://www.muzeum.sacz.pl</subfield>
         </datafield>
      </record>