
      <record>
         <leader>00000nz  a2200169   4500</leader>
         <controlfield tag="001">30006024</controlfield>
         <controlfield tag="003">RISM</controlfield>
         <controlfield tag="005">20160216</controlfield>
         <controlfield tag="008">160216n||az|||||||##########||||||||||||</controlfield>
         <datafield tag="040" ind1=" " ind2=" ">
            <subfield code="a">PL-OPsm</subfield>
         </datafield>
         <datafield tag="043" ind1=" " ind2=" ">
            <subfield code="c">XA-PL</subfield>
         </datafield>
         <datafield tag="110" ind1="2" ind2=" ">
            <subfield code="a">Uniwersytet Opolski. Wydział Teologiczny</subfield>
            <subfield code="c">Opole</subfield>
            <subfield code="g">PL-OPsm</subfield>
         </datafield>
         <datafield tag="410" ind1="2" ind2=" ">
            <subfield code="a">Studium Muzyki Kościelnej</subfield>
         </datafield>
         <datafield tag="622" ind1=" " ind2=" ">
            <subfield code="e">Uniwersytet Opolski. Wydział Teologiczny, ul. Drzymały 1a, 45-342  Opole, Poland</subfield>
            <subfield code="u">http://www.wt.uni.opole.pl</subfield>
         </datafield>
         <datafield tag="710" ind1="2" ind2=" ">
            <subfield code="a">Kościół św. Piotra i Pawła (Bożogrobcy)</subfield>
            <subfield code="0">30076179</subfield>
         </datafield>
      </record>