
      <record>
         <leader>00000nz  a2200169   4500</leader>
         <controlfield tag="001">30006285</controlfield>
         <controlfield tag="003">RISM</controlfield>
         <controlfield tag="005">20160216</controlfield>
         <controlfield tag="008">160216n||az|||||||##########||||||||||||</controlfield>
         <datafield tag="040" ind1=" " ind2=" ">
            <subfield code="a">PL-Osem</subfield>
         </datafield>
         <datafield tag="043" ind1=" " ind2=" ">
            <subfield code="c">XA-PL</subfield>
         </datafield>
         <datafield tag="110" ind1="2" ind2=" ">
            <subfield code="a">Biblioteka Warmińskiego Seminarium Duchownego "Hosianum"</subfield>
            <subfield code="c">Olsztyn</subfield>
            <subfield code="g">PL-Osem</subfield>
         </datafield>
         <datafield tag="622" ind1=" " ind2=" ">
            <subfield code="e">Biblioteka Warmińskiego Seminarium,  Duchownego "Hosianum", ul. Kard. Stanisława Hozjusza 15, 11-041 Olsztyn, Poland</subfield>
         </datafield>
      </record>