
      <record>
         <leader>00000nz  a2200169   4500</leader>
         <controlfield tag="001">30000149</controlfield>
         <controlfield tag="003">RISM</controlfield>
         <controlfield tag="005">20160216</controlfield>
         <controlfield tag="008">160216n||az|||||||##########||||||||||||</controlfield>
         <datafield tag="040" ind1=" " ind2=" ">
            <subfield code="a">PL-Pa</subfield>
         </datafield>
         <datafield tag="043" ind1=" " ind2=" ">
            <subfield code="c">XA-PL</subfield>
         </datafield>
         <datafield tag="110" ind1="2" ind2=" ">
            <subfield code="a">Archiwum Archidiecezjalne</subfield>
            <subfield code="c">Poznań</subfield>
            <subfield code="g">PL-Pa</subfield>
         </datafield>
         <datafield tag="410" ind1="2" ind2=" ">
            <subfield code="a">Archdiocesan Archives</subfield>
         </datafield>
         <datafield tag="410" ind1="2" ind2=" ">
            <subfield code="a">Biblioteka Archidiecezjalna</subfield>
         </datafield>
         <datafield tag="410" ind1="2" ind2=" ">
            <subfield code="a">Biblioteka Metropolitalnego Seminarium Duchownego</subfield>
         </datafield>
         <datafield tag="622" ind1=" " ind2=" ">
            <subfield code="e">Archiwum Archidiecezjalne, ul. Ks. Ignacego Posadzego 2, 61-108 Poznań, Poland</subfield>
            <subfield code="u">http://www.aap.poznan.pl/</subfield>
         </datafield>
      </record>