
      <record>
         <leader>00000nz  a2200169   4500</leader>
         <controlfield tag="001">30070423</controlfield>
         <controlfield tag="003">RISM</controlfield>
         <controlfield tag="005">20160216</controlfield>
         <controlfield tag="008">160216n||az|||||||##########||||||||||||</controlfield>
         <datafield tag="040" ind1=" " ind2=" ">
            <subfield code="a">PL-PABm</subfield>
         </datafield>
         <datafield tag="043" ind1=" " ind2=" ">
            <subfield code="c">XA-PL</subfield>
         </datafield>
         <datafield tag="110" ind1="2" ind2=" ">
            <subfield code="a">Muzeum Miasta Pabianic</subfield>
            <subfield code="c">Pabianice</subfield>
            <subfield code="g">PL-PABm</subfield>
         </datafield>
         <datafield tag="410" ind1="2" ind2=" ">
            <subfield code="a">Muzeum Regionalne</subfield>
         </datafield>
         <datafield tag="622" ind1=" " ind2=" ">
            <subfield code="e">Muzeum Miasta Pabianic, Stary Rynek 1/2, 95-200 Pabianice, Poland</subfield>
            <subfield code="u">http://apaulo.pl/muzeum2/index.php</subfield>
         </datafield>
      </record>