
      <record>
         <leader>00000nz  a2200169   4500</leader>
         <controlfield tag="001">30006662</controlfield>
         <controlfield tag="003">RISM</controlfield>
         <controlfield tag="005">20160216</controlfield>
         <controlfield tag="008">160216n||az|||||||##########||||||||||||</controlfield>
         <datafield tag="040" ind1=" " ind2=" ">
            <subfield code="a">PL-PAsd</subfield>
         </datafield>
         <datafield tag="043" ind1=" " ind2=" ">
            <subfield code="c">XA-PL</subfield>
         </datafield>
         <datafield tag="110" ind1="2" ind2=" ">
            <subfield code="a">Wyższe Seminarium Duchowne diecezji Zielonogórsko-Gorzowskiej</subfield>
            <subfield code="c">Gościkowo-Paradyż</subfield>
            <subfield code="g">PL-PAsd</subfield>
         </datafield>
         <datafield tag="410" ind1="2" ind2=" ">
            <subfield code="a">Pocysterski Zespół Klasztorny Gościkowo-Paradyż</subfield>
         </datafield>
         <datafield tag="622" ind1=" " ind2=" ">
            <subfield code="e">Wyższe Seminarium Duchowne diecezji,  Zielonogórsko-Gorzowskiej, Gościkowo 3, 66-200 Świebodzin, Poland</subfield>
            <subfield code="u">http://paradisus.pl</subfield>
         </datafield>
      </record>