
      <record>
         <leader>00000nz  a2200169   4500</leader>
         <controlfield tag="001">30002094</controlfield>
         <controlfield tag="003">RISM</controlfield>
         <controlfield tag="005">20160216</controlfield>
         <controlfield tag="008">160216n||az|||||||##########||||||||||||</controlfield>
         <datafield tag="040" ind1=" " ind2=" ">
            <subfield code="a">PL-PE</subfield>
         </datafield>
         <datafield tag="043" ind1=" " ind2=" ">
            <subfield code="c">XA-PL</subfield>
         </datafield>
         <datafield tag="110" ind1="2" ind2=" ">
            <subfield code="a">Wyższe Seminarium Duchowne Diecezji Pelplińskiej, Biblioteka</subfield>
            <subfield code="c">Pelplin</subfield>
            <subfield code="g">PL-PE</subfield>
         </datafield>
         <datafield tag="410" ind1="2" ind2=" ">
            <subfield code="a">Higher Theological Seminary Library</subfield>
         </datafield>
         <datafield tag="410" ind1="2" ind2=" ">
            <subfield code="a">Biblioteka Biskupstwa Chełmińskiego</subfield>
         </datafield>
         <datafield tag="622" ind1=" " ind2=" ">
            <subfield code="e">Wyższe Seminarium Duchowne Diecezji, Pelplińskiej, Biblioteka, Plac Mariacki 7, 83-130 Pelplin, Poland</subfield>
            <subfield code="u">http://www.seminarium.pelplin.diecezja.org/</subfield>
         </datafield>
      </record>