
      <record>
         <leader>00000nz  a2200169   4500</leader>
         <controlfield tag="001">30076733</controlfield>
         <controlfield tag="003">RISM</controlfield>
         <controlfield tag="005">20160216</controlfield>
         <controlfield tag="008">160216n||az|||||||##########||||||||||||</controlfield>
         <datafield tag="040" ind1=" " ind2=" ">
            <subfield code="a">PL-PEad</subfield>
         </datafield>
         <datafield tag="110" ind1="2" ind2=" ">
            <subfield code="a">Archivum Diecezjalne</subfield>
            <subfield code="c">Pelplin</subfield>
            <subfield code="g">PL-PEad</subfield>
         </datafield>
         <datafield tag="622" ind1=" " ind2=" ">
            <subfield code="e">Archivum Diecezjalne, ul. Biskupa Dominika 11, 83-130 Pelplin, Poland</subfield>
            <subfield code="u">http://pelplin.diecezja.org/?a=102&amp;id=167</subfield>
         </datafield>
      </record>