
      <record>
         <leader>00000nz  a2200169   4500</leader>
         <controlfield tag="001">30005633</controlfield>
         <controlfield tag="003">RISM</controlfield>
         <controlfield tag="005">20160216</controlfield>
         <controlfield tag="008">160216n||az|||||||##########||||||||||||</controlfield>
         <datafield tag="040" ind1=" " ind2=" ">
            <subfield code="a">PL-Pf</subfield>
         </datafield>
         <datafield tag="043" ind1=" " ind2=" ">
            <subfield code="c">XA-PL</subfield>
         </datafield>
         <datafield tag="110" ind1="2" ind2=" ">
            <subfield code="a">Klasztor o.o. Franciszkanów, Biblioteka</subfield>
            <subfield code="c">Poznań</subfield>
            <subfield code="g">PL-Pf</subfield>
         </datafield>
         <datafield tag="410" ind1="2" ind2=" ">
            <subfield code="a">Biblioteka Prowincji Wniebowzięcia Matki Bożej OO. Franciszkanów</subfield>
         </datafield>
         <datafield tag="410" ind1="2" ind2=" ">
            <subfield code="a">Kościół św. Franciszka Serafickiego - Franciszkanów - Bernardynów</subfield>
         </datafield>
         <datafield tag="410" ind1="2" ind2=" ">
            <subfield code="a">Zakon Braci Mniejszych - Prowincja św. Franciszka</subfield>
         </datafield>
         <datafield tag="622" ind1=" " ind2=" ">
            <subfield code="e">Klasztor o.o. Franciszkanów, Biblioteka, ul. Franciszkańska 2, 61-768 Poznań, Poland</subfield>
            <subfield code="u">http://www.poznan.franciszkanie.pl/</subfield>
         </datafield>
      </record>