
      <record>
         <leader>00000nz  a2200169   4500</leader>
         <controlfield tag="001">30003148</controlfield>
         <controlfield tag="003">RISM</controlfield>
         <controlfield tag="005">20160216</controlfield>
         <controlfield tag="008">160216n||az|||||||##########||||||||||||</controlfield>
         <datafield tag="040" ind1=" " ind2=" ">
            <subfield code="a">PL-Pm</subfield>
         </datafield>
         <datafield tag="043" ind1=" " ind2=" ">
            <subfield code="c">XA-PL</subfield>
         </datafield>
         <datafield tag="110" ind1="2" ind2=" ">
            <subfield code="a">Biblioteka Zakładu Muzykologii Instytutu Sztuki Uniwersytetu im. Adama Mickiewicza</subfield>
            <subfield code="c">Poznań</subfield>
            <subfield code="g">PL-Pm</subfield>
         </datafield>
         <datafield tag="410" ind1="2" ind2=" ">
            <subfield code="a">Adam Mickiewicz University. Library of Musicology in the History of Arts Institute</subfield>
         </datafield>
         <datafield tag="622" ind1=" " ind2=" ">
            <subfield code="e">Biblioteka Zakładu Muzykologii Instytutu,  Sztuki Uniwersytetu im. Adama,  Mickiewicza, ul. Słowackiego 20, 60-823 Poznań, Poland</subfield>
            <subfield code="u">http://www.amu.edu.pl</subfield>
         </datafield>
      </record>