
      <record>
         <leader>00000nz  a2200169   4500</leader>
         <controlfield tag="001">30061504</controlfield>
         <controlfield tag="003">RISM</controlfield>
         <controlfield tag="005">20160216</controlfield>
         <controlfield tag="008">160216n||az|||||||##########||||||||||||</controlfield>
         <datafield tag="040" ind1=" " ind2=" ">
            <subfield code="a">PL-Pmim</subfield>
         </datafield>
         <datafield tag="043" ind1=" " ind2=" ">
            <subfield code="c">XA-PL</subfield>
         </datafield>
         <datafield tag="110" ind1="2" ind2=" ">
            <subfield code="a">Muzeum Instrumentów Muzycznych Oddziału Muzeum Narodowego w Poznaniu, Biblioteka</subfield>
            <subfield code="c">Poznań</subfield>
            <subfield code="g">PL-Pmim</subfield>
         </datafield>
         <datafield tag="622" ind1=" " ind2=" ">
            <subfield code="e">Muzeum Instrumentów Muzycznych Oddział, Muzeum Narodowego w Poznaniu,, Biblioteka, Stary Rynek 45, 61-772 Poznań, Poland</subfield>
            <subfield code="u">http://www.mnp.art.pl/oddzialy/muzeum-instrumentow-muzycznych/</subfield>
         </datafield>
      </record>