
      <record>
         <leader>00000nz  a2200169   4500</leader>
         <controlfield tag="001">30002092</controlfield>
         <controlfield tag="003">RISM</controlfield>
         <controlfield tag="005">20160216</controlfield>
         <controlfield tag="008">160216n||az|||||||##########||||||||||||</controlfield>
         <datafield tag="040" ind1=" " ind2=" ">
            <subfield code="a">PL-Pr</subfield>
         </datafield>
         <datafield tag="043" ind1=" " ind2=" ">
            <subfield code="c">XA-PL</subfield>
         </datafield>
         <datafield tag="110" ind1="2" ind2=" ">
            <subfield code="a">Biblioteka Raczyńskich</subfield>
            <subfield code="c">Poznań</subfield>
            <subfield code="g">PL-Pr</subfield>
         </datafield>
         <datafield tag="410" ind1="2" ind2=" ">
            <subfield code="a">Raczyński Library</subfield>
         </datafield>
         <datafield tag="410" ind1="2" ind2=" ">
            <subfield code="a">Wojewódzka i Miejska Biblioteka Publiczna im. E. Raczyńskiego (1955-1956)</subfield>
         </datafield>
         <datafield tag="410" ind1="2" ind2=" ">
            <subfield code="a">Miejska Biblioteka Publiczna im. Edwarda Raczyńskiego (01.01.1957-20.05.1990)</subfield>
         </datafield>
         <datafield tag="622" ind1=" " ind2=" ">
            <subfield code="e">Biblioteka Raczyńskich, ul. Święty Marcin 65, 61-806 Poznań, Poland</subfield>
            <subfield code="u">http://www.bracz.edu.pl</subfield>
         </datafield>
      </record>