
      <record>
         <leader>00000nz  a2200169   4500</leader>
         <controlfield tag="001">30070440</controlfield>
         <controlfield tag="003">RISM</controlfield>
         <controlfield tag="005">20160216</controlfield>
         <controlfield tag="008">160216n||az|||||||##########||||||||||||</controlfield>
         <datafield tag="040" ind1=" " ind2=" ">
            <subfield code="a">PL-Prpk</subfield>
         </datafield>
         <datafield tag="043" ind1=" " ind2=" ">
            <subfield code="c">XA-PL</subfield>
         </datafield>
         <datafield tag="110" ind1="2" ind2=" ">
            <subfield code="a">Biblioteka Raczyńskich. Pracownia-Muzeum Józefa I. Kraszewskiego</subfield>
            <subfield code="c">Poznań</subfield>
            <subfield code="g">PL-Prpk</subfield>
         </datafield>
         <datafield tag="410" ind1="2" ind2=" ">
            <subfield code="a">Raczyńscy Library. Józef I. Kraszewski Department</subfield>
         </datafield>
         <datafield tag="622" ind1=" " ind2=" ">
            <subfield code="e">Biblioteka Raczyńskich. Pracownia-Muzeum,  Józefa I. Kraszewskiego, pl. Wroniecka 14, 61-763 Poznań, Poland</subfield>
            <subfield code="u">http://www.bracz.edu.pl/strona.php?strona=infomuzea#krasz</subfield>
         </datafield>
      </record>