
      <record>
         <leader>00000nz  a2200169   4500</leader>
         <controlfield tag="001">30070424</controlfield>
         <controlfield tag="003">RISM</controlfield>
         <controlfield tag="005">20160216</controlfield>
         <controlfield tag="008">160216n||az|||||||##########||||||||||||</controlfield>
         <datafield tag="040" ind1=" " ind2=" ">
            <subfield code="a">PL-PRZmnzp</subfield>
         </datafield>
         <datafield tag="043" ind1=" " ind2=" ">
            <subfield code="c">XA-PL</subfield>
         </datafield>
         <datafield tag="110" ind1="2" ind2=" ">
            <subfield code="a">Muzeum Narodowe Ziemi Przemyskiej</subfield>
            <subfield code="c">Przemyśl</subfield>
            <subfield code="g">PL-PRZmnzp</subfield>
         </datafield>
         <datafield tag="410" ind1="2" ind2=" ">
            <subfield code="a">Muzeum Okręgowe</subfield>
         </datafield>
         <datafield tag="622" ind1=" " ind2=" ">
            <subfield code="e">Muzeum Narodowe Ziemi Przemyskiej, pl. T. Czackiego 3, 37-700 Przemyśl, Poland</subfield>
            <subfield code="u">http://www.culture.pl/pl/culture/artykuly/in_mu_ziemi_przemyskiej</subfield>
         </datafield>
      </record>