
      <record>
         <leader>00000nz  a2200169   4500</leader>
         <controlfield tag="001">30003145</controlfield>
         <controlfield tag="003">RISM</controlfield>
         <controlfield tag="005">20160216</controlfield>
         <controlfield tag="008">160216n||az|||||||##########||||||||||||</controlfield>
         <datafield tag="040" ind1=" " ind2=" ">
            <subfield code="a">PL-Ptp</subfield>
         </datafield>
         <datafield tag="043" ind1=" " ind2=" ">
            <subfield code="c">XA-PL</subfield>
         </datafield>
         <datafield tag="110" ind1="2" ind2=" ">
            <subfield code="a">Biblioteka Poznańskiego Towarzystwa Przyjaciół Nauk</subfield>
            <subfield code="c">Poznań</subfield>
            <subfield code="g">PL-Ptp</subfield>
         </datafield>
         <datafield tag="622" ind1=" " ind2=" ">
            <subfield code="e">Biblioteka Poznańskiego Towarzystwa, Przyjaciół Nauk, ul. Seweryna Mielżyńskiego 27/29, 61-725 Poznań, Poland</subfield>
            <subfield code="u">http://www.ptpn.poznan.pl/</subfield>
         </datafield>
      </record>