
      <record>
         <leader>00000nz  a2200169   4500</leader>
         <controlfield tag="001">30070441</controlfield>
         <controlfield tag="003">RISM</controlfield>
         <controlfield tag="005">20160216</controlfield>
         <controlfield tag="008">160216n||az|||||||##########||||||||||||</controlfield>
         <datafield tag="040" ind1=" " ind2=" ">
            <subfield code="a">PL-Ptw</subfield>
         </datafield>
         <datafield tag="043" ind1=" " ind2=" ">
            <subfield code="c">XA-PL</subfield>
         </datafield>
         <datafield tag="110" ind1="2" ind2=" ">
            <subfield code="a">Archiwum Artystyczne Teatru Wielkiego im. Stanisława Moniuszki w Poznaniu</subfield>
            <subfield code="c">Poznań</subfield>
            <subfield code="g">PL-Ptw</subfield>
         </datafield>
         <datafield tag="622" ind1=" " ind2=" ">
            <subfield code="e">Archiwum Artystyczne Teatru Wielkiego,  im. Stanisława Moniuszki w Poznaniu, ul. Fredry 9, 60-967 Poznań, Poland</subfield>
            <subfield code="u">http://www.opera.poznan.pl</subfield>
         </datafield>
      </record>