
      <record>
         <leader>00000nz  a2200169   4500</leader>
         <controlfield tag="001">30002093</controlfield>
         <controlfield tag="003">RISM</controlfield>
         <controlfield tag="005">20160216</controlfield>
         <controlfield tag="008">160216n||az|||||||##########||||||||||||</controlfield>
         <datafield tag="040" ind1=" " ind2=" ">
            <subfield code="a">PL-Pu</subfield>
         </datafield>
         <datafield tag="043" ind1=" " ind2=" ">
            <subfield code="c">XA-PL</subfield>
         </datafield>
         <datafield tag="110" ind1="2" ind2=" ">
            <subfield code="a">Biblioteka Uniwersytecka. Sekcja Zbiorów Muzycznych w Oddziale Zbiorów Specjalnych</subfield>
            <subfield code="c">Poznań</subfield>
            <subfield code="g">PL-Pu</subfield>
         </datafield>
         <datafield tag="410" ind1="2" ind2=" ">
            <subfield code="a">University Library. Music Collections Section</subfield>
         </datafield>
         <datafield tag="410" ind1="2" ind2=" ">
            <subfield code="a">Biblioteka Uniwersytecka (bis 1956 und nach 1983)</subfield>
         </datafield>
         <datafield tag="410" ind1="2" ind2=" ">
            <subfield code="a">Biblioteka Główna Uniwersytetu im. Adama Mickiewicza (1956-1983)</subfield>
         </datafield>
         <datafield tag="622" ind1=" " ind2=" ">
            <subfield code="e">Biblioteka Uniwersytecka. Sekcja, Zbiorów Muzycznych w Oddziale Zbiorów, Specjalnych, ul. Ratajczaka 38/40, 61-816  Poznań, Poland</subfield>
            <subfield code="u">http://www.lib.amu.edu.pl</subfield>
         </datafield>
      </record>