
      <record>
         <leader>00000nz  a2200169   4500</leader>
         <controlfield tag="001">30006510</controlfield>
         <controlfield tag="003">RISM</controlfield>
         <controlfield tag="005">20160216</controlfield>
         <controlfield tag="008">160216n||az|||||||##########||||||||||||</controlfield>
         <datafield tag="040" ind1=" " ind2=" ">
            <subfield code="a">PL-PŁm</subfield>
         </datafield>
         <datafield tag="043" ind1=" " ind2=" ">
            <subfield code="c">XA-PL</subfield>
         </datafield>
         <datafield tag="110" ind1="2" ind2=" ">
            <subfield code="a">Muzeum Diecezjalne</subfield>
            <subfield code="c">Płock</subfield>
            <subfield code="g">PL-PŁm</subfield>
         </datafield>
         <datafield tag="622" ind1=" " ind2=" ">
            <subfield code="e">Muzeum Diecezjalne, ul. Tumska 3a, 09-302 Płock, Poland</subfield>
         </datafield>
      </record>