
      <record>
         <leader>00000nz  a2200169   4500</leader>
         <controlfield tag="001">30002095</controlfield>
         <controlfield tag="003">RISM</controlfield>
         <controlfield tag="005">20160216</controlfield>
         <controlfield tag="008">160216n||az|||||||##########||||||||||||</controlfield>
         <datafield tag="040" ind1=" " ind2=" ">
            <subfield code="a">PL-PŁp</subfield>
         </datafield>
         <datafield tag="043" ind1=" " ind2=" ">
            <subfield code="c">XA-PL</subfield>
         </datafield>
         <datafield tag="110" ind1="2" ind2=" ">
            <subfield code="a">Biblioteka im. Zielińskich Towarzystwa Naukowego Płockiego</subfield>
            <subfield code="c">Płock</subfield>
            <subfield code="g">PL-PŁp</subfield>
         </datafield>
         <datafield tag="410" ind1="2" ind2=" ">
            <subfield code="a">Biblioteka Publiczna i Szkolna Województwa Płockiego</subfield>
         </datafield>
         <datafield tag="622" ind1=" " ind2=" ">
            <subfield code="e">Biblioteka im. Zielińskich Towarzystwa, Naukowego Płockiego, pl. Narutowicza 2, 09-402  Płock, Poland</subfield>
            <subfield code="u">http://www.tnp.org.pl/biblioteka.htm</subfield>
         </datafield>
      </record>