
      <record>
         <leader>00000nz  a2200169   4500</leader>
         <controlfield tag="001">30006286</controlfield>
         <controlfield tag="003">RISM</controlfield>
         <controlfield tag="005">20160216</controlfield>
         <controlfield tag="008">160216n||az|||||||##########||||||||||||</controlfield>
         <datafield tag="040" ind1=" " ind2=" ">
            <subfield code="a">PL-PŁsem</subfield>
         </datafield>
         <datafield tag="043" ind1=" " ind2=" ">
            <subfield code="c">XA-PL</subfield>
         </datafield>
         <datafield tag="110" ind1="2" ind2=" ">
            <subfield code="a">Biblioteka Wyższego Seminarium Duchownego</subfield>
            <subfield code="c">Płock</subfield>
            <subfield code="g">PL-PŁsem</subfield>
         </datafield>
         <datafield tag="622" ind1=" " ind2=" ">
            <subfield code="e">Biblioteka Wyższego Seminarium, Duchownego, ul. Abp. A. J. Nowowiejskiego 2, 09-400 Płock, Poland</subfield>
            <subfield code="u">http://www.seminarium.plock.opoka.org.pl/index.php?page=biblioteka</subfield>
         </datafield>
      </record>