
      <record>
         <leader>00000nz  a2200169   4500</leader>
         <controlfield tag="001">30006287</controlfield>
         <controlfield tag="003">RISM</controlfield>
         <controlfield tag="005">20160216</controlfield>
         <controlfield tag="008">160216n||az|||||||##########||||||||||||</controlfield>
         <datafield tag="040" ind1=" " ind2=" ">
            <subfield code="a">PL-RYszczyrba</subfield>
         </datafield>
         <datafield tag="043" ind1=" " ind2=" ">
            <subfield code="c">XA-PL</subfield>
         </datafield>
         <datafield tag="110" ind1="2" ind2=" ">
            <subfield code="a">Zbiory prywatne red. Ludwika Szczyrby</subfield>
            <subfield code="c">Rybnik</subfield>
            <subfield code="g">PL-RYszczyrba</subfield>
         </datafield>
         <datafield tag="622" ind1=" " ind2=" ">
            <subfield code="e">Zbiory prywatne red. Ludwika Szczyrby, Plac Wolności 6/2, 44-201 Rybnik, Poland</subfield>
         </datafield>
      </record>