
      <record>
         <leader>00000nz  a2200169   4500</leader>
         <controlfield tag="001">30002097</controlfield>
         <controlfield tag="003">RISM</controlfield>
         <controlfield tag="005">20160216</controlfield>
         <controlfield tag="008">160216n||az|||||||##########||||||||||||</controlfield>
         <datafield tag="040" ind1=" " ind2=" ">
            <subfield code="a">PL-S</subfield>
         </datafield>
         <datafield tag="043" ind1=" " ind2=" ">
            <subfield code="c">XA-PL</subfield>
         </datafield>
         <datafield tag="110" ind1="2" ind2=" ">
            <subfield code="a">Książnica Pomorska im. Stanisława Staszica</subfield>
            <subfield code="c">Szczecin</subfield>
            <subfield code="g">PL-S</subfield>
         </datafield>
         <datafield tag="410" ind1="2" ind2=" ">
            <subfield code="a">Stanisław Staszic Pomeranian Library</subfield>
         </datafield>
         <datafield tag="410" ind1="2" ind2=" ">
            <subfield code="a">Biblioteka Główna im. Stanisława Staszica</subfield>
         </datafield>
         <datafield tag="410" ind1="2" ind2=" ">
            <subfield code="a">Książnica Szczecińska</subfield>
         </datafield>
         <datafield tag="410" ind1="2" ind2=" ">
            <subfield code="a">Wojewódzka i Miejska Biblioteka Publiczna im. S. Staszica</subfield>
         </datafield>
         <datafield tag="622" ind1=" " ind2=" ">
            <subfield code="e">Książnica Pomorska im. Stanisława,  Staszica, ul. Podgórna 15/16, 70-205 Szczecin, Poland</subfield>
            <subfield code="u">http://www.ksiaznica.szczecin.pl</subfield>
         </datafield>
      </record>