
      <record>
         <leader>00000nz  a2200169   4500</leader>
         <controlfield tag="001">30003584</controlfield>
         <controlfield tag="003">RISM</controlfield>
         <controlfield tag="005">20160216</controlfield>
         <controlfield tag="008">160216n||az|||||||##########||||||||||||</controlfield>
         <datafield tag="040" ind1=" " ind2=" ">
            <subfield code="a">PL-SA</subfield>
         </datafield>
         <datafield tag="043" ind1=" " ind2=" ">
            <subfield code="c">XA-PL</subfield>
         </datafield>
         <datafield tag="110" ind1="2" ind2=" ">
            <subfield code="a">Biblioteka Diecezjalna w Sandomierzu</subfield>
            <subfield code="c">Sandomierz</subfield>
            <subfield code="g">PL-SA</subfield>
         </datafield>
         <datafield tag="410" ind1="2" ind2=" ">
            <subfield code="a">früher: Biblioteka Wyżego Seminarium Duchownego</subfield>
         </datafield>
         <datafield tag="410" ind1="2" ind2=" ">
            <subfield code="a">Higher Theological Seminary Library</subfield>
         </datafield>
         <datafield tag="622" ind1=" " ind2=" ">
            <subfield code="e">Biblioteka Diecezjalna w Sandomierzu, ul. Żeromskiego 6, 27-600 Sandomierz, Poland</subfield>
            <subfield code="u">http://www.bdsandomierz.pl/</subfield>
         </datafield>
         <datafield tag="710" ind1="2" ind2=" ">
            <subfield code="a">Archiwum Klasztoru Pijarów, Waręż</subfield>
            <subfield code="0">30076739</subfield>
         </datafield>
      </record>