
      <record>
         <leader>00000nz  a2200169   4500</leader>
         <controlfield tag="001">30006678</controlfield>
         <controlfield tag="003">RISM</controlfield>
         <controlfield tag="005">20160216</controlfield>
         <controlfield tag="008">160216n||az|||||||##########||||||||||||</controlfield>
         <datafield tag="040" ind1=" " ind2=" ">
            <subfield code="a">PL-SAk</subfield>
         </datafield>
         <datafield tag="043" ind1=" " ind2=" ">
            <subfield code="c">XA-PL</subfield>
         </datafield>
         <datafield tag="110" ind1="2" ind2=" ">
            <subfield code="a">Archiwum Kapituły Katedralnej w Sandomierzu</subfield>
            <subfield code="c">Sandomierz</subfield>
            <subfield code="g">PL-SAk</subfield>
         </datafield>
         <datafield tag="580" ind1=" " ind2=" ">
            <subfield code="x">PL-SA</subfield>
            <subfield code="0">30003584</subfield>
         </datafield>
      </record>