
      <record>
         <leader>00000nz  a2200169   4500</leader>
         <controlfield tag="001">30006509</controlfield>
         <controlfield tag="003">RISM</controlfield>
         <controlfield tag="005">20160216</controlfield>
         <controlfield tag="008">160216n||az|||||||##########||||||||||||</controlfield>
         <datafield tag="040" ind1=" " ind2=" ">
            <subfield code="a">PL-SAm</subfield>
         </datafield>
         <datafield tag="043" ind1=" " ind2=" ">
            <subfield code="c">XA-PL</subfield>
         </datafield>
         <datafield tag="110" ind1="2" ind2=" ">
            <subfield code="a">Diecezjalne Muzeum Sandomierskie</subfield>
            <subfield code="c">Sandomierz</subfield>
            <subfield code="g">PL-SAm</subfield>
         </datafield>
         <datafield tag="410" ind1="2" ind2=" ">
            <subfield code="a">Diocesan Museum</subfield>
         </datafield>
         <datafield tag="622" ind1=" " ind2=" ">
            <subfield code="e">Diecezjalne Muzeum Sandomierskie, ul. Długosza 9, 27-600 Sandomierz, Poland</subfield>
            <subfield code="u">http://www.domdlugosza.sandomierz.opoka.org.pl</subfield>
         </datafield>
      </record>