
      <record>
         <leader>00000nz  a2200169   4500</leader>
         <controlfield tag="001">30070439</controlfield>
         <controlfield tag="003">RISM</controlfield>
         <controlfield tag="005">20160216</controlfield>
         <controlfield tag="008">160216n||az|||||||##########||||||||||||</controlfield>
         <datafield tag="040" ind1=" " ind2=" ">
            <subfield code="a">PL-SANmh</subfield>
         </datafield>
         <datafield tag="043" ind1=" " ind2=" ">
            <subfield code="c">XA-PL</subfield>
         </datafield>
         <datafield tag="110" ind1="2" ind2=" ">
            <subfield code="a">Muzeum Historyczne</subfield>
            <subfield code="c">Sanok</subfield>
            <subfield code="g">PL-SANmh</subfield>
         </datafield>
         <datafield tag="622" ind1=" " ind2=" ">
            <subfield code="e">Muzeum Historyczne, ul. Zamkowa 2, 38-500 Sanok, Poland</subfield>
            <subfield code="u">http://www.muzeum.sanok.pl</subfield>
         </datafield>
      </record>