
      <record>
         <leader>00000nz  a2200169   4500</leader>
         <controlfield tag="001">30006421</controlfield>
         <controlfield tag="003">RISM</controlfield>
         <controlfield tag="005">20160216</controlfield>
         <controlfield tag="008">160216n||az|||||||##########||||||||||||</controlfield>
         <datafield tag="040" ind1=" " ind2=" ">
            <subfield code="a">PL-Sap</subfield>
         </datafield>
         <datafield tag="043" ind1=" " ind2=" ">
            <subfield code="c">XA-PL</subfield>
         </datafield>
         <datafield tag="110" ind1="2" ind2=" ">
            <subfield code="a">Archiwum Państwowe w Szczecinie</subfield>
            <subfield code="c">Szczecin</subfield>
            <subfield code="g">PL-Sap</subfield>
         </datafield>
         <datafield tag="622" ind1=" " ind2=" ">
            <subfield code="e">Archiwum Państwowe w Szczecinie, ul. św. Wojciecha 13, 70-410 Szczecin, Poland</subfield>
            <subfield code="u">http://www.szczecin.ap.gov.pl</subfield>
         </datafield>
      </record>