
      <record>
         <leader>00000nz  a2200169   4500</leader>
         <controlfield tag="001">30070433</controlfield>
         <controlfield tag="003">RISM</controlfield>
         <controlfield tag="005">20160216</controlfield>
         <controlfield tag="008">160216n||az|||||||##########||||||||||||</controlfield>
         <datafield tag="040" ind1=" " ind2=" ">
            <subfield code="a">PL-SIm</subfield>
         </datafield>
         <datafield tag="043" ind1=" " ind2=" ">
            <subfield code="c">XA-PL</subfield>
         </datafield>
         <datafield tag="110" ind1="2" ind2=" ">
            <subfield code="a">Muzeum Okręgowe</subfield>
            <subfield code="c">Sieradz</subfield>
            <subfield code="g">PL-SIm</subfield>
         </datafield>
         <datafield tag="622" ind1=" " ind2=" ">
            <subfield code="e">Muzeum Okręgowe, ul. Dominikańska 2, 98-200 Sieradz, Poland</subfield>
            <subfield code="u">http://www.muzeum-sieradz.com.pl</subfield>
         </datafield>
      </record>