
      <record>
         <leader>00000nz  a2200169   4500</leader>
         <controlfield tag="001">30070435</controlfield>
         <controlfield tag="003">RISM</controlfield>
         <controlfield tag="005">20160216</controlfield>
         <controlfield tag="008">160216n||az|||||||##########||||||||||||</controlfield>
         <datafield tag="040" ind1=" " ind2=" ">
            <subfield code="a">PL-Smn</subfield>
         </datafield>
         <datafield tag="043" ind1=" " ind2=" ">
            <subfield code="c">XA-PL</subfield>
         </datafield>
         <datafield tag="110" ind1="2" ind2=" ">
            <subfield code="a">Muzeum Narodowe w Szczecinie</subfield>
            <subfield code="c">Szczecin</subfield>
            <subfield code="g">PL-Smn</subfield>
         </datafield>
         <datafield tag="410" ind1="2" ind2=" ">
            <subfield code="a">Muzeum Miejskie (1945-1951)</subfield>
         </datafield>
         <datafield tag="410" ind1="2" ind2=" ">
            <subfield code="a">Muzeum Pomorza Zachodniego (1951-1970)</subfield>
         </datafield>
         <datafield tag="410" ind1="2" ind2=" ">
            <subfield code="a">National Museum in Szczecin</subfield>
         </datafield>
         <datafield tag="410" ind1="2" ind2=" ">
            <subfield code="a">Landesmuseum</subfield>
         </datafield>
         <datafield tag="622" ind1=" " ind2=" ">
            <subfield code="e">Muzeum Narodowe w Szczecinie, ul. Staromłyńska 27, 70-561 Szczecin, Poland</subfield>
            <subfield code="u">http://www.muzeum.szczecin.pl</subfield>
         </datafield>
      </record>