
      <record>
         <leader>00000nz  a2200169   4500</leader>
         <controlfield tag="001">30006288</controlfield>
         <controlfield tag="003">RISM</controlfield>
         <controlfield tag="005">20160216</controlfield>
         <controlfield tag="008">160216n||az|||||||##########||||||||||||</controlfield>
         <datafield tag="040" ind1=" " ind2=" ">
            <subfield code="a">PL-STAb</subfield>
         </datafield>
         <datafield tag="043" ind1=" " ind2=" ">
            <subfield code="c">XA-PL</subfield>
         </datafield>
         <datafield tag="110" ind1="2" ind2=" ">
            <subfield code="a">Biblioteka Opactwa Sióstr Benedyktynek p. w. św. Wojciecha</subfield>
            <subfield code="c">Staniątki</subfield>
            <subfield code="g">PL-STAb</subfield>
         </datafield>
         <datafield tag="410" ind1="2" ind2=" ">
            <subfield code="a">Benedictine nuns abbey of St. Adalbert. Library</subfield>
         </datafield>
         <datafield tag="622" ind1=" " ind2=" ">
            <subfield code="e">Biblioteka Opactwa Sióstr Benedyktynek,  p. w. św. Wojciecha, 32-005 Staniątki, Poland</subfield>
            <subfield code="u">http://www.benedyktynki.eu/</subfield>
         </datafield>
      </record>