
      <record>
         <leader>00000nz  a2200169   4500</leader>
         <controlfield tag="001">30070415</controlfield>
         <controlfield tag="003">RISM</controlfield>
         <controlfield tag="005">20160216</controlfield>
         <controlfield tag="008">160216n||az|||||||##########||||||||||||</controlfield>
         <datafield tag="040" ind1=" " ind2=" ">
            <subfield code="a">PL-STAWmi</subfield>
         </datafield>
         <datafield tag="043" ind1=" " ind2=" ">
            <subfield code="c">XA-PL</subfield>
         </datafield>
         <datafield tag="110" ind1="2" ind2=" ">
            <subfield code="a">Muzeum im. Anny i Jarosława Iwaszkiewiczów w Stawisku</subfield>
            <subfield code="c">Podkowa Leśna</subfield>
            <subfield code="g">PL-STAWmi</subfield>
         </datafield>
         <datafield tag="622" ind1=" " ind2=" ">
            <subfield code="e">Muzeum im. Anny i Jarosława,  Iwaszkiewiczów w Stawisku, ul. Gołębia 1, 05-807 Podkowa Leśna, Poland</subfield>
            <subfield code="u">http://www.stawisko.pl</subfield>
         </datafield>
      </record>