
      <record>
         <leader>00000nz  a2200169   4500</leader>
         <controlfield tag="001">30003149</controlfield>
         <controlfield tag="003">RISM</controlfield>
         <controlfield tag="005">20160216</controlfield>
         <controlfield tag="008">160216n||az|||||||##########||||||||||||</controlfield>
         <datafield tag="040" ind1=" " ind2=" ">
            <subfield code="a">PL-STk</subfield>
         </datafield>
         <datafield tag="043" ind1=" " ind2=" ">
            <subfield code="c">XA-PL</subfield>
         </datafield>
         <datafield tag="110" ind1="2" ind2=" ">
            <subfield code="a">Zbiory Klasztoru SS. Klarysek</subfield>
            <subfield code="c">Stary Sącz</subfield>
            <subfield code="g">PL-STk</subfield>
         </datafield>
         <datafield tag="410" ind1="2" ind2=" ">
            <subfield code="a">Library of the St. Clara Convent</subfield>
         </datafield>
         <datafield tag="410" ind1="2" ind2=" ">
            <subfield code="a">Biblioteka Klasztoru błog. Kingi pp. Klarysek</subfield>
         </datafield>
         <datafield tag="622" ind1=" " ind2=" ">
            <subfield code="e">Zbiory Klasztoru SS. Klarysek, Plac Św. Kingi 1, 33-340 Stary Sącz, Poland</subfield>
            <subfield code="u">http://www.klaryski.sacz.pl</subfield>
         </datafield>
      </record>