
      <record>
         <leader>00000nz  a2200169   4500</leader>
         <controlfield tag="001">30006289</controlfield>
         <controlfield tag="003">RISM</controlfield>
         <controlfield tag="005">20160216</controlfield>
         <controlfield tag="008">160216n||az|||||||##########||||||||||||</controlfield>
         <datafield tag="040" ind1=" " ind2=" ">
            <subfield code="a">PL-SZCZcys</subfield>
         </datafield>
         <datafield tag="043" ind1=" " ind2=" ">
            <subfield code="c">XA-PL</subfield>
         </datafield>
         <datafield tag="110" ind1="2" ind2=" ">
            <subfield code="a">Biblioteka Opactwa OO. Cystersów</subfield>
            <subfield code="c">Szczyrzyc</subfield>
            <subfield code="g">PL-SZCZcys</subfield>
         </datafield>
         <datafield tag="410" ind1="2" ind2=" ">
            <subfield code="a">Cistercian Abbey Library</subfield>
         </datafield>
         <datafield tag="622" ind1=" " ind2=" ">
            <subfield code="e">Biblioteka Opactwa OO. Cystersów, 34-623 Szczyrzyc 1, Poland</subfield>
         </datafield>
      </record>