
      <record>
         <leader>00000nz  a2200169   4500</leader>
         <controlfield tag="001">30070445</controlfield>
         <controlfield tag="003">RISM</controlfield>
         <controlfield tag="005">20160216</controlfield>
         <controlfield tag="008">160216n||az|||||||##########||||||||||||</controlfield>
         <datafield tag="040" ind1=" " ind2=" ">
            <subfield code="a">PL-SZKPmh</subfield>
         </datafield>
         <datafield tag="043" ind1=" " ind2=" ">
            <subfield code="c">XA-PL</subfield>
         </datafield>
         <datafield tag="110" ind1="2" ind2=" ">
            <subfield code="a">Muzeum Dom Carla i Gerharta Hauptmannów</subfield>
            <subfield code="c">Szklarska Poręba</subfield>
            <subfield code="g">PL-SZKPmh</subfield>
         </datafield>
         <datafield tag="410" ind1="2" ind2=" ">
            <subfield code="a">Oddzial Muzeum Karkonoskiego w Jeleniej Górze</subfield>
         </datafield>
         <datafield tag="410" ind1="2" ind2=" ">
            <subfield code="a">Instytucja Kultury Samorządu Województwa Dolnośląskiego</subfield>
         </datafield>
         <datafield tag="622" ind1=" " ind2=" ">
            <subfield code="e">Muzeum Dom Carla i Gerharta Hauptmannów, ul. 11 Listopada 23, 58-580 Szklarska Poręba, Poland</subfield>
            <subfield code="u">http://www.domhauptmannow.pl/</subfield>
         </datafield>
      </record>