
      <record>
         <leader>00000nz  a2200169   4500</leader>
         <controlfield tag="001">30003586</controlfield>
         <controlfield tag="003">RISM</controlfield>
         <controlfield tag="005">20160216</controlfield>
         <controlfield tag="008">160216n||az|||||||##########||||||||||||</controlfield>
         <datafield tag="040" ind1=" " ind2=" ">
            <subfield code="a">PL-TA</subfield>
         </datafield>
         <datafield tag="043" ind1=" " ind2=" ">
            <subfield code="c">XA-PL</subfield>
         </datafield>
         <datafield tag="110" ind1="2" ind2=" ">
            <subfield code="a">Archiwum Diecezjalne</subfield>
            <subfield code="c">Tarnów</subfield>
            <subfield code="g">PL-TA</subfield>
         </datafield>
         <datafield tag="410" ind1="2" ind2=" ">
            <subfield code="a">Diocesan Archives</subfield>
         </datafield>
         <datafield tag="410" ind1="2" ind2=" ">
            <subfield code="a">Archiwum Archidiecezjalne</subfield>
         </datafield>
         <datafield tag="622" ind1=" " ind2=" ">
            <subfield code="e">Archiwum Diecezjalne, ul. Katedralna 3, 33-100 Tarnów, Poland</subfield>
            <subfield code="u">http://www.archiwum.diecezja.tarnow.pl/</subfield>
         </datafield>
      </record>