
      <record>
         <leader>00000nz  a2200169   4500</leader>
         <controlfield tag="001">30006508</controlfield>
         <controlfield tag="003">RISM</controlfield>
         <controlfield tag="005">20160216</controlfield>
         <controlfield tag="008">160216n||az|||||||##########||||||||||||</controlfield>
         <datafield tag="040" ind1=" " ind2=" ">
            <subfield code="a">PL-TAm</subfield>
         </datafield>
         <datafield tag="043" ind1=" " ind2=" ">
            <subfield code="c">XA-PL</subfield>
         </datafield>
         <datafield tag="110" ind1="2" ind2=" ">
            <subfield code="a">Muzeum Diecezjalne w Tarnowie</subfield>
            <subfield code="c">Tarnów</subfield>
            <subfield code="g">PL-TAm</subfield>
         </datafield>
         <datafield tag="410" ind1="2" ind2=" ">
            <subfield code="a">Diocesan Museum in Tarnów</subfield>
         </datafield>
         <datafield tag="622" ind1=" " ind2=" ">
            <subfield code="e">Muzeum Diecezjalne w Tarnowie, pl. Katedralny 6, 33-100 Tarnów, Poland</subfield>
            <subfield code="u">http://www.diecezja.tarnow.pl</subfield>
         </datafield>
      </record>