
      <record>
         <leader>00000nz  a2200169   4500</leader>
         <controlfield tag="001">30006088</controlfield>
         <controlfield tag="003">RISM</controlfield>
         <controlfield tag="005">20160216</controlfield>
         <controlfield tag="008">160216n||az|||||||##########||||||||||||</controlfield>
         <datafield tag="040" ind1=" " ind2=" ">
            <subfield code="a">PL-Tap</subfield>
         </datafield>
         <datafield tag="043" ind1=" " ind2=" ">
            <subfield code="c">XA-PL</subfield>
         </datafield>
         <datafield tag="110" ind1="2" ind2=" ">
            <subfield code="a">Archiwum Państwowe w Toruniu</subfield>
            <subfield code="c">Toruń</subfield>
            <subfield code="g">PL-Tap</subfield>
         </datafield>
         <datafield tag="410" ind1="2" ind2=" ">
            <subfield code="a">State Archives in Toruń</subfield>
         </datafield>
         <datafield tag="622" ind1=" " ind2=" ">
            <subfield code="e">Archiwum Państwowe w Toruniu, pl. Rapackiego 4, 87-100 Toruń, Poland</subfield>
            <subfield code="u">http://www.torun.ap.gov.pl</subfield>
         </datafield>
      </record>