
      <record>
         <leader>00000nz  a2200169   4500</leader>
         <controlfield tag="001">30002098</controlfield>
         <controlfield tag="003">RISM</controlfield>
         <controlfield tag="005">20160216</controlfield>
         <controlfield tag="008">160216n||az|||||||##########||||||||||||</controlfield>
         <datafield tag="040" ind1=" " ind2=" ">
            <subfield code="a">PL-Tm</subfield>
         </datafield>
         <datafield tag="043" ind1=" " ind2=" ">
            <subfield code="c">XA-PL</subfield>
         </datafield>
         <datafield tag="110" ind1="2" ind2=" ">
            <subfield code="a">Wojewódzka Biblioteka Publiczna - Książnica Kopernikańska</subfield>
            <subfield code="c">Toruń</subfield>
            <subfield code="g">PL-Tm</subfield>
         </datafield>
         <datafield tag="410" ind1="2" ind2=" ">
            <subfield code="a">Voivodeship Kopernik Public Library</subfield>
         </datafield>
         <datafield tag="410" ind1="2" ind2=" ">
            <subfield code="a">Książnica Miejska im. Mikołaja Kopernika</subfield>
         </datafield>
         <datafield tag="622" ind1=" " ind2=" ">
            <subfield code="e">Wojewódzka Biblioteka Publiczna -, Książnica Kopernikańska, ul. Słowackiego 8, 87-100  Toruń, Poland</subfield>
            <subfield code="u">http://www.ksiaznica.torun.pl/web/WBP-KK/strona_glowna</subfield>
         </datafield>
      </record>