
      <record>
         <leader>00000nz  a2200169   4500</leader>
         <controlfield tag="001">30002099</controlfield>
         <controlfield tag="003">RISM</controlfield>
         <controlfield tag="005">20160216</controlfield>
         <controlfield tag="008">160216n||az|||||||##########||||||||||||</controlfield>
         <datafield tag="040" ind1=" " ind2=" ">
            <subfield code="a">PL-Tu</subfield>
         </datafield>
         <datafield tag="043" ind1=" " ind2=" ">
            <subfield code="c">XA-PL</subfield>
         </datafield>
         <datafield tag="110" ind1="2" ind2=" ">
            <subfield code="a">Biblioteka Uniwersytecka</subfield>
            <subfield code="c">Toruń</subfield>
            <subfield code="g">PL-Tu</subfield>
         </datafield>
         <datafield tag="410" ind1="2" ind2=" ">
            <subfield code="a">Biblioteka Główna Uniwersytetu Mikołaja Kopernika</subfield>
         </datafield>
         <datafield tag="410" ind1="2" ind2=" ">
            <subfield code="a">Biblioteka Uniwersytecka, Oddział Zbiorów Muzycznych</subfield>
         </datafield>
         <datafield tag="622" ind1=" " ind2=" ">
            <subfield code="e">Biblioteka Uniwersytecka, ul. Gagarina 13, 87-100 Toruń, Poland</subfield>
            <subfield code="u">http://www.bu.uni.torun.pl</subfield>
         </datafield>
      </record>