
      <record>
         <leader>00000nz  a2200169   4500</leader>
         <controlfield tag="001">30061506</controlfield>
         <controlfield tag="003">RISM</controlfield>
         <controlfield tag="005">20160216</controlfield>
         <controlfield tag="008">160216n||az|||||||##########||||||||||||</controlfield>
         <datafield tag="040" ind1=" " ind2=" ">
            <subfield code="a">PL-TYNben</subfield>
         </datafield>
         <datafield tag="043" ind1=" " ind2=" ">
            <subfield code="c">XA-PL</subfield>
         </datafield>
         <datafield tag="110" ind1="2" ind2=" ">
            <subfield code="a">Benedyktyńskie Opactwo Świętych Apostołów Piotra i Pawła w Tyńcu. Biblioteka</subfield>
            <subfield code="c">Kraków-Tyniec</subfield>
            <subfield code="g">PL-TYNben</subfield>
         </datafield>
         <datafield tag="622" ind1=" " ind2=" ">
            <subfield code="e">Benedyktyńskie Opactwo Świętych,  Apostołów Piotra i Pawła w Tyńcu.,  Biblioteka, ul. Benedyktyńska 37/39, 30-375 Kraków-Tyniec, Poland</subfield>
            <subfield code="u">http://www.wsp.krakow.pl/whk/biblioteki/tyniec/index.html</subfield>
         </datafield>
      </record>