
      <record>
         <leader>00000nz  a2200169   4500</leader>
         <controlfield tag="001">30078971</controlfield>
         <controlfield tag="003">RISM</controlfield>
         <controlfield tag="005">20160216</controlfield>
         <controlfield tag="008">160216n||az|||||||##########||||||||||||</controlfield>
         <datafield tag="040" ind1=" " ind2=" ">
            <subfield code="a">PL-Waan</subfield>
         </datafield>
         <datafield tag="043" ind1=" " ind2=" ">
            <subfield code="c">PL</subfield>
         </datafield>
         <datafield tag="110" ind1="2" ind2=" ">
            <subfield code="a">Archiwum Akt Nowych</subfield>
            <subfield code="c">Warszawa</subfield>
            <subfield code="g">PL-Waan</subfield>
         </datafield>
         <datafield tag="622" ind1=" " ind2=" ">
            <subfield code="e">Archiwum Akt Nowych, ul. Hankiewicza 1, 02-103 Warszawa, Poland</subfield>
            <subfield code="u">http://www.aan.gov.pl/</subfield>
         </datafield>
      </record>