
      <record>
         <leader>00000nz  a2200169   4500</leader>
         <controlfield tag="001">30061503</controlfield>
         <controlfield tag="003">RISM</controlfield>
         <controlfield tag="005">20160216</controlfield>
         <controlfield tag="008">160216n||az|||||||##########||||||||||||</controlfield>
         <datafield tag="040" ind1=" " ind2=" ">
            <subfield code="a">PL-Wagad</subfield>
         </datafield>
         <datafield tag="043" ind1=" " ind2=" ">
            <subfield code="c">XA-PL</subfield>
         </datafield>
         <datafield tag="110" ind1="2" ind2=" ">
            <subfield code="a">Archiwum Główne Akt Dawnych</subfield>
            <subfield code="c">Warszawa</subfield>
            <subfield code="g">PL-Wagad</subfield>
         </datafield>
         <datafield tag="622" ind1=" " ind2=" ">
            <subfield code="e">Archiwum Główne Akt Dawnych, ul. Długa 7, 00-263 Warszawa, Poland</subfield>
            <subfield code="u">http://www.agad.prv.pl</subfield>
         </datafield>
      </record>