
      <record>
         <leader>00000nz  a2200169   4500</leader>
         <controlfield tag="001">30070232</controlfield>
         <controlfield tag="003">RISM</controlfield>
         <controlfield tag="005">20160216</controlfield>
         <controlfield tag="008">160216n||az|||||||##########||||||||||||</controlfield>
         <datafield tag="040" ind1=" " ind2=" ">
            <subfield code="a">PL-Wam</subfield>
         </datafield>
         <datafield tag="043" ind1=" " ind2=" ">
            <subfield code="c">XA-PL</subfield>
         </datafield>
         <datafield tag="110" ind1="2" ind2=" ">
            <subfield code="a">Biblioteka Główna Akademii Muzycznej im. Fryderyka Chopina</subfield>
            <subfield code="c">Warszawa</subfield>
            <subfield code="g">PL-Wam</subfield>
         </datafield>
         <datafield tag="410" ind1="2" ind2=" ">
            <subfield code="a">Fryderyk Chopin Music Academy Main Library</subfield>
         </datafield>
         <datafield tag="410" ind1="2" ind2=" ">
            <subfield code="a">Biblioteka Państwowej Wyższej Szkoły Muzycznej (bis 1979)</subfield>
         </datafield>
         <datafield tag="622" ind1=" " ind2=" ">
            <subfield code="e">Biblioteka Główna Akademii Muzycznej im.,  Fryderyka Chopina, ul. Okólnik 2, 00-368 Warszawa, Poland</subfield>
            <subfield code="u">http://www.chopin.edu.pl</subfield>
         </datafield>
      </record>