
      <record>
         <leader>00000nz  a2200169   4500</leader>
         <controlfield tag="001">30061512</controlfield>
         <controlfield tag="003">RISM</controlfield>
         <controlfield tag="005">20160216</controlfield>
         <controlfield tag="008">160216n||az|||||||##########||||||||||||</controlfield>
         <datafield tag="040" ind1=" " ind2=" ">
            <subfield code="a">PL-Wb</subfield>
         </datafield>
         <datafield tag="043" ind1=" " ind2=" ">
            <subfield code="c">XA-PL</subfield>
         </datafield>
         <datafield tag="110" ind1="2" ind2=" ">
            <subfield code="a">Biblioteka Bobolanum przy Kolegium Księży Jezuitów</subfield>
            <subfield code="c">Warszawa</subfield>
            <subfield code="g">PL-Wb</subfield>
         </datafield>
         <datafield tag="622" ind1=" " ind2=" ">
            <subfield code="e">Biblioteka Bobolanum przy Kolegium,  Księży Jezuitów, ul. Rakowiecka 61, 02-532 Warszawa, Poland</subfield>
            <subfield code="u">http://www.rakowiecka.jezuici.pl</subfield>
         </datafield>
      </record>