
      <record>
         <leader>00000nz  a2200169   4500</leader>
         <controlfield tag="001">30080660</controlfield>
         <controlfield tag="003">RISM</controlfield>
         <controlfield tag="005">20160216</controlfield>
         <controlfield tag="008">160216n||az|||||||##########||||||||||||</controlfield>
         <datafield tag="040" ind1=" " ind2=" ">
            <subfield code="a">PL-Wbfc</subfield>
         </datafield>
         <datafield tag="043" ind1=" " ind2=" ">
            <subfield code="c">XA-PL</subfield>
         </datafield>
         <datafield tag="110" ind1="2" ind2=" ">
            <subfield code="a">Biblioteka Narodowego Instytutu Fryderyka Chopina w Warszawie</subfield>
            <subfield code="c">Warszawa</subfield>
            <subfield code="g">PL-Wbfc</subfield>
         </datafield>
         <datafield tag="622" ind1=" " ind2=" ">
            <subfield code="e">Biblioteka Narodowego Instytutu,  Fryderyka Chopina w Warszawie, ul. Tamka 43, 00-355 Warszawa, Poland</subfield>
            <subfield code="u">http://pl.chopin.nifc.pl/institute/library/archives</subfield>
         </datafield>
      </record>