
      <record>
         <leader>00000nz  a2200169   4500</leader>
         <controlfield tag="001">30005968</controlfield>
         <controlfield tag="003">RISM</controlfield>
         <controlfield tag="005">20160216</controlfield>
         <controlfield tag="008">160216n||az|||||||##########||||||||||||</controlfield>
         <datafield tag="040" ind1=" " ind2=" ">
            <subfield code="a">PL-WEJm</subfield>
         </datafield>
         <datafield tag="043" ind1=" " ind2=" ">
            <subfield code="c">XA-PL</subfield>
         </datafield>
         <datafield tag="110" ind1="2" ind2=" ">
            <subfield code="a">Muzeum Piśmiennictwa i Muzyki Kaszubsko-Pomorskiej</subfield>
            <subfield code="c">Wejherowo</subfield>
            <subfield code="g">PL-WEJm</subfield>
         </datafield>
         <datafield tag="622" ind1=" " ind2=" ">
            <subfield code="e">Muzeum Piśmiennictwa i Muzyki,  Kaszubsko-Pomorskiej, ul. Zamkowa 2a, 84-200 Wejherowo, Poland</subfield>
            <subfield code="u">http://www.muzeum.wejherowo.pl</subfield>
         </datafield>
      </record>