
      <record>
         <leader>00000nz  a2200169   4500</leader>
         <controlfield tag="001">30004508</controlfield>
         <controlfield tag="003">RISM</controlfield>
         <controlfield tag="005">20160216</controlfield>
         <controlfield tag="008">160216n||az|||||||##########||||||||||||</controlfield>
         <datafield tag="040" ind1=" " ind2=" ">
            <subfield code="a">PL-Wispan</subfield>
         </datafield>
         <datafield tag="043" ind1=" " ind2=" ">
            <subfield code="c">XA-PL</subfield>
         </datafield>
         <datafield tag="110" ind1="2" ind2=" ">
            <subfield code="a">Biblioteka Instytutu Sztuki Polskiej Akademii Nauk</subfield>
            <subfield code="c">Warszawa</subfield>
            <subfield code="g">PL-Wispan</subfield>
         </datafield>
         <datafield tag="410" ind1="2" ind2=" ">
            <subfield code="a">Institute of Art Polish Academy of Sciences</subfield>
         </datafield>
         <datafield tag="410" ind1="2" ind2=" ">
            <subfield code="a">Państwowy Instytut Sztuki</subfield>
         </datafield>
         <datafield tag="410" ind1="2" ind2=" ">
            <subfield code="a">Zespół do Badania Muzyki Ludowej</subfield>
         </datafield>
         <datafield tag="622" ind1=" " ind2=" ">
            <subfield code="e">Biblioteka Instytutu Sztuki Polskiej, Akademii Nauk, pl. Krasińskich 1a, 00-207 Warszawa, Poland</subfield>
            <subfield code="u">http://www.ispan.pl/pl/ispan.htm</subfield>
         </datafield>
      </record>