
      <record>
         <leader>00000nz  a2200169   4500</leader>
         <controlfield tag="001">30002104</controlfield>
         <controlfield tag="003">RISM</controlfield>
         <controlfield tag="005">20160216</controlfield>
         <controlfield tag="008">160216n||az|||||||##########||||||||||||</controlfield>
         <datafield tag="040" ind1=" " ind2=" ">
            <subfield code="a">PL-WL</subfield>
         </datafield>
         <datafield tag="043" ind1=" " ind2=" ">
            <subfield code="c">XA-PL</subfield>
         </datafield>
         <datafield tag="110" ind1="2" ind2=" ">
            <subfield code="a">Biblioteka</subfield>
            <subfield code="c">Wilanów</subfield>
            <subfield code="g">PL-WL</subfield>
         </datafield>
         <datafield tag="580" ind1=" " ind2=" ">
            <subfield code="x">PL-Wn</subfield>
            <subfield code="0">30000118</subfield>
         </datafield>
         <datafield tag="580" ind1=" " ind2=" ">
            <subfield code="x">PL-Wm</subfield>
            <subfield code="0">30002100</subfield>
         </datafield>
      </record>