
      <record>
         <leader>00000nz  a2200169   4500</leader>
         <controlfield tag="001">30002100</controlfield>
         <controlfield tag="003">RISM</controlfield>
         <controlfield tag="005">20160216</controlfield>
         <controlfield tag="008">160216n||az|||||||##########||||||||||||</controlfield>
         <datafield tag="040" ind1=" " ind2=" ">
            <subfield code="a">PL-Wm</subfield>
         </datafield>
         <datafield tag="043" ind1=" " ind2=" ">
            <subfield code="c">XA-PL</subfield>
         </datafield>
         <datafield tag="110" ind1="2" ind2=" ">
            <subfield code="a">Muzeum Narodowe w Warszawie, Biblioteka</subfield>
            <subfield code="c">Warszawa</subfield>
            <subfield code="g">PL-Wm</subfield>
         </datafield>
         <datafield tag="410" ind1="2" ind2=" ">
            <subfield code="a">Muzeum Sztuk Pięknych (1862-1916)</subfield>
         </datafield>
         <datafield tag="410" ind1="2" ind2=" ">
            <subfield code="a">National Museum in Warsaw, Library</subfield>
         </datafield>
         <datafield tag="622" ind1=" " ind2=" ">
            <subfield code="e">Muzeum Narodowe w Warszawie, Biblioteka, al. Jerozolimskie 3, 00-495 Warszawa, Poland</subfield>
            <subfield code="u">http://www.mnw.art.pl</subfield>
         </datafield>
      </record>