
      <record>
         <leader>00000nz  a2200169   4500</leader>
         <controlfield tag="001">30079268</controlfield>
         <controlfield tag="003">RISM</controlfield>
         <controlfield tag="005">20160216</controlfield>
         <controlfield tag="008">160216n||az|||||||##########||||||||||||</controlfield>
         <datafield tag="040" ind1=" " ind2=" ">
            <subfield code="a">PL-Wmfc</subfield>
         </datafield>
         <datafield tag="043" ind1=" " ind2=" ">
            <subfield code="c">PL</subfield>
         </datafield>
         <datafield tag="110" ind1="2" ind2=" ">
            <subfield code="a">Muzeum Fryderyka Chopina w Narodowym Instytucie Fryderyka Chopina w Warszawie</subfield>
            <subfield code="c">Warszawa</subfield>
            <subfield code="g">PL-Wmfc</subfield>
         </datafield>
         <datafield tag="410" ind1="2" ind2=" ">
            <subfield code="a">Narodowy Instytut Fryderyka Chopina</subfield>
         </datafield>
         <datafield tag="410" ind1="2" ind2=" ">
            <subfield code="a">Muzeum Fryderyka Chopina w Warszawie</subfield>
         </datafield>
         <datafield tag="622" ind1=" " ind2=" ">
            <subfield code="e">Muzeum Fryderyka Chopina w Warszawie, Pałac Ostrogskich, ul. Okólnik 1, 00-368  Warszawa, Poland</subfield>
            <subfield code="u">http://chopin.museum/en</subfield>
         </datafield>
      </record>