
      <record>
         <leader>00000nz  a2200169   4500</leader>
         <controlfield tag="001">30070414</controlfield>
         <controlfield tag="003">RISM</controlfield>
         <controlfield tag="005">20160216</controlfield>
         <controlfield tag="008">160216n||az|||||||##########||||||||||||</controlfield>
         <datafield tag="040" ind1=" " ind2=" ">
            <subfield code="a">PL-Wmhw</subfield>
         </datafield>
         <datafield tag="043" ind1=" " ind2=" ">
            <subfield code="c">XA-PL</subfield>
         </datafield>
         <datafield tag="110" ind1="2" ind2=" ">
            <subfield code="a">Muzeum Historyczne m.st. Warszawy</subfield>
            <subfield code="c">Warszawa</subfield>
            <subfield code="g">PL-Wmhw</subfield>
         </datafield>
         <datafield tag="410" ind1="2" ind2=" ">
            <subfield code="a">Historical Museum of the Capital City of Warsaw</subfield>
         </datafield>
         <datafield tag="622" ind1=" " ind2=" ">
            <subfield code="e">Muzeum Historyczne m.st. Warszawy, Rynek Starego Miasta 28, 00-272 Warszawa, Poland</subfield>
            <subfield code="u">http://www.mhw.pl</subfield>
         </datafield>
      </record>