
      <record>
         <leader>00000nz  a2200169   4500</leader>
         <controlfield tag="001">30070444</controlfield>
         <controlfield tag="003">RISM</controlfield>
         <controlfield tag="005">20160216</controlfield>
         <controlfield tag="008">160216n||az|||||||##########||||||||||||</controlfield>
         <datafield tag="040" ind1=" " ind2=" ">
            <subfield code="a">PL-Wmijp</subfield>
         </datafield>
         <datafield tag="043" ind1=" " ind2=" ">
            <subfield code="c">XA-PL</subfield>
         </datafield>
         <datafield tag="110" ind1="2" ind2=" ">
            <subfield code="a">Muzeum Ignacego Jana Paderewskiego i Wychodźstwa Polskiego. Oddział Muzeum Narodowego w Warszawie</subfield>
            <subfield code="c">Warszawa</subfield>
            <subfield code="g">PL-Wmijp</subfield>
         </datafield>
         <datafield tag="622" ind1=" " ind2=" ">
            <subfield code="e">Muzeum Ignacego Jana Paderewskiego i,  Wychodźstwa Polskiego. Oddział Muzeum,  Narodowego w Warszawie, ul. Szwoleżerów 9, 00-464 Warszawa, Poland</subfield>
         </datafield>
      </record>