
      <record>
         <leader>00000nz  a2200169   4500</leader>
         <controlfield tag="001">30006637</controlfield>
         <controlfield tag="003">RISM</controlfield>
         <controlfield tag="005">20160216</controlfield>
         <controlfield tag="008">160216n||az|||||||##########||||||||||||</controlfield>
         <datafield tag="040" ind1=" " ind2=" ">
            <subfield code="a">PL-Wml</subfield>
         </datafield>
         <datafield tag="043" ind1=" " ind2=" ">
            <subfield code="c">XA-PL</subfield>
         </datafield>
         <datafield tag="110" ind1="2" ind2=" ">
            <subfield code="a">Muzeum Literatury im. Adama Mickiewicza</subfield>
            <subfield code="c">Warszawa</subfield>
            <subfield code="g">PL-Wml</subfield>
         </datafield>
         <datafield tag="410" ind1="2" ind2=" ">
            <subfield code="a">Adam Mickiewicz Museum of Literature</subfield>
         </datafield>
         <datafield tag="622" ind1=" " ind2=" ">
            <subfield code="e">Muzeum Literatury im. Adama Mickiewicza, Rynek Starego Miasta 20, 00-272 Warszawa, Poland</subfield>
            <subfield code="u">http://www.muzeumliteratury.pl</subfield>
         </datafield>
      </record>