
      <record>
         <leader>00000nz  a2200169   4500</leader>
         <controlfield tag="001">30000118</controlfield>
         <controlfield tag="003">RISM</controlfield>
         <controlfield tag="005">20160216</controlfield>
         <controlfield tag="008">160216n||az|||||||##########||||||||||||</controlfield>
         <datafield tag="040" ind1=" " ind2=" ">
            <subfield code="a">PL-Wn</subfield>
         </datafield>
         <datafield tag="043" ind1=" " ind2=" ">
            <subfield code="c">XA-PL</subfield>
         </datafield>
         <datafield tag="110" ind1="2" ind2=" ">
            <subfield code="a">Biblioteka Narodowa</subfield>
            <subfield code="c">Warszawa</subfield>
            <subfield code="g">PL-Wn</subfield>
         </datafield>
         <datafield tag="410" ind1="2" ind2=" ">
            <subfield code="a">National Library</subfield>
         </datafield>
         <datafield tag="622" ind1=" " ind2=" ">
            <subfield code="e">Biblioteka Narodowa, al. Niepodległości 213, 02-086 Warszawa, Poland</subfield>
            <subfield code="u">http://www.bn.org.pl</subfield>
         </datafield>
         <datafield tag="710" ind1="2" ind2=" ">
            <subfield code="a">Bibliotheca Rudolphina</subfield>
            <subfield code="0">30076123</subfield>
         </datafield>
         <datafield tag="710" ind1="2" ind2=" ">
            <subfield code="a">Reichsgräfliche Schaffgotsch'sche Majoratsbibliothek, Warmbrunn (dawna Biblioteka Jana Antoniego Schaffgotscha, Cieplice)</subfield>
            <subfield code="0">30075950</subfield>
         </datafield>
      </record>