
      <record>
         <leader>00000nz  a2200169   4500</leader>
         <controlfield tag="001">30002101</controlfield>
         <controlfield tag="003">RISM</controlfield>
         <controlfield tag="005">20160216</controlfield>
         <controlfield tag="008">160216n||az|||||||##########||||||||||||</controlfield>
         <datafield tag="040" ind1=" " ind2=" ">
            <subfield code="a">PL-Wp</subfield>
         </datafield>
         <datafield tag="043" ind1=" " ind2=" ">
            <subfield code="c">XA-PL</subfield>
         </datafield>
         <datafield tag="110" ind1="2" ind2=" ">
            <subfield code="a">Biblioteka Publiczna m. st. Warszawy</subfield>
            <subfield code="c">Warszawa</subfield>
            <subfield code="g">PL-Wp</subfield>
         </datafield>
         <datafield tag="410" ind1="2" ind2=" ">
            <subfield code="a">Public Library of the Capital City of Warsaw</subfield>
         </datafield>
         <datafield tag="410" ind1="2" ind2=" ">
            <subfield code="a">Biblioteka Publiczna Miasta Stołecznego Warszawy - Dział Zbiorów Muzycznych</subfield>
         </datafield>
         <datafield tag="622" ind1=" " ind2=" ">
            <subfield code="e">Biblioteka Publiczna m. st. Warszawy, ul. Koszykowa 26/28, 00-950 Warszawa, Poland</subfield>
            <subfield code="u">http://www.koszykowa.pl/bpw/</subfield>
         </datafield>
      </record>