
      <record>
         <leader>00000nz  a2200169   4500</leader>
         <controlfield tag="001">30004509</controlfield>
         <controlfield tag="003">RISM</controlfield>
         <controlfield tag="005">20160216</controlfield>
         <controlfield tag="008">160216n||az|||||||##########||||||||||||</controlfield>
         <datafield tag="040" ind1=" " ind2=" ">
            <subfield code="a">PL-Wpcm</subfield>
         </datafield>
         <datafield tag="043" ind1=" " ind2=" ">
            <subfield code="c">XA-PL</subfield>
         </datafield>
         <datafield tag="110" ind1="2" ind2=" ">
            <subfield code="a">Polskie Centrum Muzyczne</subfield>
            <subfield code="c">Warszawa</subfield>
            <subfield code="g">PL-Wpcm</subfield>
         </datafield>
         <datafield tag="410" ind1="2" ind2=" ">
            <subfield code="a">Centrum Muzyczne przy Polskiej Radzie Muzycznej</subfield>
         </datafield>
         <datafield tag="410" ind1="2" ind2=" ">
            <subfield code="a">Polska Rada Muzyczna</subfield>
         </datafield>
         <datafield tag="622" ind1=" " ind2=" ">
            <subfield code="e">Polskie Centrum Muzyczne, ul. Fredry 8, 00-097 Warszawa, Poland</subfield>
            <subfield code="u">http://www.polmic.pl</subfield>
         </datafield>
      </record>