
      <record>
         <leader>00000nz  a2200169   4500</leader>
         <controlfield tag="001">30070419</controlfield>
         <controlfield tag="003">RISM</controlfield>
         <controlfield tag="005">20160216</controlfield>
         <controlfield tag="008">160216n||az|||||||##########||||||||||||</controlfield>
         <datafield tag="040" ind1=" " ind2=" ">
            <subfield code="a">PL-WRam</subfield>
         </datafield>
         <datafield tag="043" ind1=" " ind2=" ">
            <subfield code="c">XA-PL</subfield>
         </datafield>
         <datafield tag="110" ind1="2" ind2=" ">
            <subfield code="a">Biblioteka Główna Akademii Muzycznej im. Karola Lipińskiego</subfield>
            <subfield code="c">Wrocław</subfield>
            <subfield code="g">PL-WRam</subfield>
         </datafield>
         <datafield tag="410" ind1="2" ind2=" ">
            <subfield code="a">Karol Lipiński Music Academy Main Library</subfield>
         </datafield>
         <datafield tag="622" ind1=" " ind2=" ">
            <subfield code="e">Biblioteka Główna Akademii Muzycznej im.,  Karola Lipińskiego, pl. 1 Maja 2, 50-043 Wrocław, Poland</subfield>
            <subfield code="u">http://www.amuz.wroc.pl</subfield>
         </datafield>
      </record>