
      <record>
         <leader>00000nz  a2200169   4500</leader>
         <controlfield tag="001">30003150</controlfield>
         <controlfield tag="003">RISM</controlfield>
         <controlfield tag="005">20160216</controlfield>
         <controlfield tag="008">160216n||az|||||||##########||||||||||||</controlfield>
         <datafield tag="040" ind1=" " ind2=" ">
            <subfield code="a">PL-WRk</subfield>
         </datafield>
         <datafield tag="043" ind1=" " ind2=" ">
            <subfield code="c">XA-PL</subfield>
         </datafield>
         <datafield tag="110" ind1="2" ind2=" ">
            <subfield code="a">Archiwum Archidiecezjalne i Biblioteka Kapitulna</subfield>
            <subfield code="c">Wrocław</subfield>
            <subfield code="g">PL-WRk</subfield>
         </datafield>
         <datafield tag="622" ind1=" " ind2=" ">
            <subfield code="e">Archiwum Archidiecezjalne i Biblioteka, Kapitulna, ul. Kanonia 12, 50-329 Wrocław, Poland</subfield>
            <subfield code="u">http://www.muzeum.archidiecezja.wroc.pl/</subfield>
         </datafield>
      </record>