
      <record>
         <leader>00000nz  a2200169   4500</leader>
         <controlfield tag="001">30079255</controlfield>
         <controlfield tag="003">RISM</controlfield>
         <controlfield tag="005">20160216</controlfield>
         <controlfield tag="008">160216n||az|||||||##########||||||||||||</controlfield>
         <datafield tag="040" ind1=" " ind2=" ">
            <subfield code="a">PL-WRkij</subfield>
         </datafield>
         <datafield tag="043" ind1=" " ind2=" ">
            <subfield code="c">PL</subfield>
         </datafield>
         <datafield tag="110" ind1="2" ind2=" ">
            <subfield code="a">Kościoła pw. Najświętszego Imienia Jezus</subfield>
            <subfield code="c">Wrocław</subfield>
            <subfield code="g">PL-WRkij</subfield>
         </datafield>
         <datafield tag="410" ind1="2" ind2=" ">
            <subfield code="a">Kościół Uniwersytecki</subfield>
         </datafield>
         <datafield tag="622" ind1=" " ind2=" ">
            <subfield code="e">Kościoła pw. Najświętszego Imienia Jezus, pl. Uniwersytecki 1, 50-137  Wrocław, Poland</subfield>
            <subfield code="u">http://uniwersytecki.archidiecezja.wroc.pl/</subfield>
         </datafield>
      </record>