
      <record>
         <leader>00000nz  a2200169   4500</leader>
         <controlfield tag="001">30070428</controlfield>
         <controlfield tag="003">RISM</controlfield>
         <controlfield tag="005">20160216</controlfield>
         <controlfield tag="008">160216n||az|||||||##########||||||||||||</controlfield>
         <datafield tag="040" ind1=" " ind2=" ">
            <subfield code="a">PL-WRmn</subfield>
         </datafield>
         <datafield tag="043" ind1=" " ind2=" ">
            <subfield code="c">XA-PL</subfield>
         </datafield>
         <datafield tag="110" ind1="2" ind2=" ">
            <subfield code="a">Muzeum Narodowe we Wrocławiu</subfield>
            <subfield code="c">Wrocław</subfield>
            <subfield code="g">PL-WRmn</subfield>
         </datafield>
         <datafield tag="410" ind1="2" ind2=" ">
            <subfield code="a">Muzeum Państwowe</subfield>
         </datafield>
         <datafield tag="410" ind1="2" ind2=" ">
            <subfield code="a">Muzeum Śląskie</subfield>
         </datafield>
         <datafield tag="622" ind1=" " ind2=" ">
            <subfield code="e">Muzeum Narodowe we Wrocławiu, pl. Powstańców Warszawy 5, 50-153 Wrocław, Poland</subfield>
            <subfield code="u">http://www.mnwr.art.pl</subfield>
         </datafield>
      </record>