
      <record>
         <leader>00000nz  a2200169   4500</leader>
         <controlfield tag="001">30070430</controlfield>
         <controlfield tag="003">RISM</controlfield>
         <controlfield tag="005">20160216</controlfield>
         <controlfield tag="008">160216n||az|||||||##########||||||||||||</controlfield>
         <datafield tag="040" ind1=" " ind2=" ">
            <subfield code="a">PL-WRptl</subfield>
         </datafield>
         <datafield tag="043" ind1=" " ind2=" ">
            <subfield code="c">XA-PL</subfield>
         </datafield>
         <datafield tag="110" ind1="2" ind2=" ">
            <subfield code="a">Oddział Polskiego Towarzystwa Ludoznawczego we Wrocławiu, Biblioteka naukowa im. Jana Czekanowskiego</subfield>
            <subfield code="c">Wrocław</subfield>
            <subfield code="g">PL-WRptl</subfield>
         </datafield>
         <datafield tag="410" ind1="2" ind2=" ">
            <subfield code="a">Katedra Etnologii i Antropologii Kulturowej Uniwersytetu Wrocławskiego</subfield>
         </datafield>
         <datafield tag="622" ind1=" " ind2=" ">
            <subfield code="e">Oddział Polskiego Towarzystwa, Ludoznawczego we Wrocławiu, Biblioteka, naukowa im. Jana Czekanowskiego, ul. Szczytnicka 11, 50-382 Wrocław, Poland</subfield>
            <subfield code="u">http://www.ptl.info.pl/</subfield>
         </datafield>
      </record>