
      <record>
         <leader>00000nz  a2200169   4500</leader>
         <controlfield tag="001">30002111</controlfield>
         <controlfield tag="003">RISM</controlfield>
         <controlfield tag="005">20160216</controlfield>
         <controlfield tag="008">160216n||az|||||||##########||||||||||||</controlfield>
         <datafield tag="040" ind1=" " ind2=" ">
            <subfield code="a">PL-WRu</subfield>
         </datafield>
         <datafield tag="043" ind1=" " ind2=" ">
            <subfield code="c">XA-PL</subfield>
            <subfield code="c">XA-PL</subfield>
         </datafield>
         <datafield tag="110" ind1="2" ind2=" ">
            <subfield code="a">Biblioteka Uniwersytecka&#xD;
</subfield>
            <subfield code="c">Wrocław</subfield>
            <subfield code="g">PL-WRu</subfield>
         </datafield>
         <datafield tag="410" ind1="2" ind2=" ">
            <subfield code="a">Wrocław University Library</subfield>
         </datafield>
         <datafield tag="410" ind1="2" ind2=" ">
            <subfield code="a">Oddział Starych Druków</subfield>
         </datafield>
         <datafield tag="410" ind1="2" ind2=" ">
            <subfield code="a">Oddział Zbiorów Muzycznych</subfield>
         </datafield>
         <datafield tag="622" ind1=" " ind2=" ">
            <subfield code="e">Biblioteka Uniwersytecka, Oddział, Zbiorów Muzycznych&#xD;
, ul. Św. Jadwigi 3/4, 50-266 Wrocław, Poland</subfield>
            <subfield code="u">http://www.bu.uni.wroc.pl/oddzialy/piasek/oddzial-zbiorow-muzycznych</subfield>
         </datafield>
         <datafield tag="710" ind1="2" ind2=" ">
            <subfield code="a">Seminarium Duchowne, Siedlce</subfield>
            <subfield code="0">30076936</subfield>
         </datafield>
         <datafield tag="710" ind1="2" ind2=" ">
            <subfield code="a">Bibliotheca Rudolphina</subfield>
            <subfield code="0">30076123</subfield>
         </datafield>
      </record>