
      <record>
         <leader>00000nz  a2200169   4500</leader>
         <controlfield tag="001">30002112</controlfield>
         <controlfield tag="003">RISM</controlfield>
         <controlfield tag="005">20160216</controlfield>
         <controlfield tag="008">160216n||az|||||||##########||||||||||||</controlfield>
         <datafield tag="040" ind1=" " ind2=" ">
            <subfield code="a">PL-WRzno</subfield>
         </datafield>
         <datafield tag="043" ind1=" " ind2=" ">
            <subfield code="c">XA-PL</subfield>
         </datafield>
         <datafield tag="110" ind1="2" ind2=" ">
            <subfield code="a">Zakład Narodowy im. Ossolińskich</subfield>
            <subfield code="c">Wrocław</subfield>
            <subfield code="g">PL-WRzno</subfield>
         </datafield>
         <datafield tag="410" ind1="2" ind2=" ">
            <subfield code="a">The Ossolinski National Institut</subfield>
         </datafield>
         <datafield tag="410" ind1="2" ind2=" ">
            <subfield code="a">Ossolineum, Biblioteka</subfield>
         </datafield>
         <datafield tag="410" ind1="2" ind2=" ">
            <subfield code="a">Polska Akademia Nauk, Biblioteka Zakładu Narodowego im. Ossolińskich</subfield>
         </datafield>
         <datafield tag="622" ind1=" " ind2=" ">
            <subfield code="e">Zakład Narodowy im. Ossolińskich, ul. Szewska 37, 50-139 Wrocław, Poland</subfield>
            <subfield code="u">http://www.oss.wroc.pl</subfield>
         </datafield>
      </record>