
      <record>
         <leader>00000nz  a2200169   4500</leader>
         <controlfield tag="001">30006512</controlfield>
         <controlfield tag="003">RISM</controlfield>
         <controlfield tag="005">20160216</controlfield>
         <controlfield tag="008">160216n||az|||||||##########||||||||||||</controlfield>
         <datafield tag="040" ind1=" " ind2=" ">
            <subfield code="a">PL-Wsm</subfield>
         </datafield>
         <datafield tag="043" ind1=" " ind2=" ">
            <subfield code="c">XA-PL</subfield>
         </datafield>
         <datafield tag="110" ind1="2" ind2=" ">
            <subfield code="a">Biblioteka Seminarium Metropolitalnego Archidiecezji Warszawskiej</subfield>
            <subfield code="c">Warszawa</subfield>
            <subfield code="g">PL-Wsm</subfield>
         </datafield>
         <datafield tag="410" ind1="2" ind2=" ">
            <subfield code="a">Biblioteka Archidiecezjalna przy Metropolitalnym Seminarium Duchownym św. Jana</subfield>
         </datafield>
         <datafield tag="622" ind1=" " ind2=" ">
            <subfield code="e">Biblioteka Seminarium Metropolitalnego,  Archidiecezji Warszawskiej, Krakowskie Przedmieście 52/54, 00-322 Warszawa, Poland</subfield>
         </datafield>
      </record>