
      <record>
         <leader>00000nz  a2200169   4500</leader>
         <controlfield tag="001">30076989</controlfield>
         <controlfield tag="003">RISM</controlfield>
         <controlfield tag="005">20160216</controlfield>
         <controlfield tag="008">160216n||az|||||||##########||||||||||||</controlfield>
         <datafield tag="040" ind1=" " ind2=" ">
            <subfield code="a">PL-WSze</subfield>
         </datafield>
         <datafield tag="043" ind1=" " ind2=" ">
            <subfield code="c">XA-PL</subfield>
         </datafield>
         <datafield tag="110" ind1="2" ind2=" ">
            <subfield code="a">Biblioteka zboru ewangelickiego</subfield>
            <subfield code="c">Wschowa</subfield>
            <subfield code="g">PL-WSze</subfield>
         </datafield>
         <datafield tag="410" ind1="2" ind2=" ">
            <subfield code="a">Kościół ewangelicki pw. Żłobka Chrystusowego, Biblioteka</subfield>
         </datafield>
         <datafield tag="410" ind1="2" ind2=" ">
            <subfield code="a">Evangelische Kirche Kripplein Christi, Bibliothek</subfield>
         </datafield>
         <datafield tag="580" ind1=" " ind2=" ">
            <subfield code="x">PL-Wn</subfield>
            <subfield code="0">30000118</subfield>
         </datafield>
         <datafield tag="580" ind1=" " ind2=" ">
            <subfield code="x">PL-KÓ</subfield>
            <subfield code="0">30002084</subfield>
         </datafield>
      </record>