
      <record>
         <leader>00000nz  a2200169   4500</leader>
         <controlfield tag="001">30004510</controlfield>
         <controlfield tag="003">RISM</controlfield>
         <controlfield tag="005">20160216</controlfield>
         <controlfield tag="008">160216n||az|||||||##########||||||||||||</controlfield>
         <datafield tag="040" ind1=" " ind2=" ">
            <subfield code="a">PL-Wtfc</subfield>
         </datafield>
         <datafield tag="043" ind1=" " ind2=" ">
            <subfield code="c">XA-PL</subfield>
         </datafield>
         <datafield tag="110" ind1="2" ind2=" ">
            <subfield code="a">Towarzystwo im. Fryderyka Chopina</subfield>
            <subfield code="c">Warszawa</subfield>
            <subfield code="g">PL-Wtfc</subfield>
         </datafield>
         <datafield tag="410" ind1="2" ind2=" ">
            <subfield code="a">The Frederick Chopin Society in Warsaw</subfield>
         </datafield>
         <datafield tag="580" ind1=" " ind2=" ">
            <subfield code="x">PL-Wmfc</subfield>
            <subfield code="0">30079268</subfield>
         </datafield>
         <datafield tag="622" ind1=" " ind2=" ">
            <subfield code="e">Towarzystwo im. Fryderyka Chopina, ul. Tamka 43, 00-355  Warszawa, Poland</subfield>
            <subfield code="u">http://www.tifc.chopin.pl/</subfield>
         </datafield>
      </record>