
      <record>
         <leader>00000nz  a2200169   4500</leader>
         <controlfield tag="001">30000150</controlfield>
         <controlfield tag="003">RISM</controlfield>
         <controlfield tag="005">20160216</controlfield>
         <controlfield tag="008">160216n||az|||||||##########||||||||||||</controlfield>
         <datafield tag="040" ind1=" " ind2=" ">
            <subfield code="a">PL-Wtm</subfield>
         </datafield>
         <datafield tag="043" ind1=" " ind2=" ">
            <subfield code="c">XA-PL</subfield>
         </datafield>
         <datafield tag="110" ind1="2" ind2=" ">
            <subfield code="a">Biblioteka, Muzeum i Archiwum Warszawskiego Towarzystwa Muzycznego im. Stanisława Moniuszki</subfield>
            <subfield code="c">Warszawa</subfield>
            <subfield code="g">PL-Wtm</subfield>
         </datafield>
         <datafield tag="410" ind1="2" ind2=" ">
            <subfield code="a">Library, Museum and Archives of the Stanisław Moniuszko Warsaw Music Society</subfield>
         </datafield>
         <datafield tag="622" ind1=" " ind2=" ">
            <subfield code="e">Biblioteka, Muzeum i Archiwum, Warszawskiego Towarzystwa Muzycznego, im. Stanisława Moniuszki, Pałac Szustra, ul. Zakroczymska 2, 00-225 Warszawa, Poland</subfield>
            <subfield code="u">http://www.wtm.org.pl/bib.htm</subfield>
         </datafield>
         <datafield tag="710" ind1="2" ind2=" ">
            <subfield code="a">Spuścizna kompozytorska Józefa Stefaniego</subfield>
            <subfield code="0">30076184</subfield>
         </datafield>
      </record>