
      <record>
         <leader>00000nz  a2200169   4500</leader>
         <controlfield tag="001">30002103</controlfield>
         <controlfield tag="003">RISM</controlfield>
         <controlfield tag="005">20160216</controlfield>
         <controlfield tag="008">160216n||az|||||||##########||||||||||||</controlfield>
         <datafield tag="040" ind1=" " ind2=" ">
            <subfield code="a">PL-Wu</subfield>
         </datafield>
         <datafield tag="043" ind1=" " ind2=" ">
            <subfield code="c">XA-PL</subfield>
            <subfield code="c">XA-PL</subfield>
         </datafield>
         <datafield tag="110" ind1="2" ind2=" ">
            <subfield code="a">Biblioteka Uniwersytecka&#xD;
</subfield>
            <subfield code="c">Warszawa</subfield>
            <subfield code="g">PL-Wu</subfield>
         </datafield>
         <datafield tag="410" ind1="2" ind2=" ">
            <subfield code="a">University Library</subfield>
         </datafield>
         <datafield tag="410" ind1="2" ind2=" ">
            <subfield code="a">Gabinet Starych Druków</subfield>
         </datafield>
         <datafield tag="410" ind1="2" ind2=" ">
            <subfield code="a">Gabinet Zbiorów Muzycznych</subfield>
         </datafield>
         <datafield tag="622" ind1=" " ind2=" ">
            <subfield code="e">Biblioteka Uniwersytecka, Gabinet Zbiorów Muzycznych, ul. Dobra 56/66, 00 312 Warszawa, Poland</subfield>
            <subfield code="u">http://www.buw.uw.edu.pl</subfield>
         </datafield>
      </record>