
      <record>
         <leader>00000nz  a2200169   4500</leader>
         <controlfield tag="001">30070233</controlfield>
         <controlfield tag="003">RISM</controlfield>
         <controlfield tag="005">20160216</controlfield>
         <controlfield tag="008">160216n||az|||||||##########||||||||||||</controlfield>
         <datafield tag="040" ind1=" " ind2=" ">
            <subfield code="a">PL-Ww</subfield>
         </datafield>
         <datafield tag="043" ind1=" " ind2=" ">
            <subfield code="c">XA-PL</subfield>
         </datafield>
         <datafield tag="110" ind1="2" ind2=" ">
            <subfield code="a">Klasztor Sióstr Wizytek</subfield>
            <subfield code="c">Warszawa</subfield>
            <subfield code="g">PL-Ww</subfield>
         </datafield>
         <datafield tag="410" ind1="2" ind2=" ">
            <subfield code="a">Music collections of the Salesian Sisters Convent</subfield>
         </datafield>
         <datafield tag="410" ind1="2" ind2=" ">
            <subfield code="a">Zakon Nawiedzienia Najświętszej Maryi Panny. Siostry Wizytki w Warszawie</subfield>
         </datafield>
         <datafield tag="622" ind1=" " ind2=" ">
            <subfield code="e">Klasztor Sióstr Wizytek, Krakowskie Przedmieście 34, 00-325 Warszawa, Poland</subfield>
            <subfield code="u">http://www.wizytki.waw.pl/</subfield>
         </datafield>
      </record>