
      <record>
         <leader>00000nz  a2200169   4500</leader>
         <controlfield tag="001">30004507</controlfield>
         <controlfield tag="003">RISM</controlfield>
         <controlfield tag="005">20160216</controlfield>
         <controlfield tag="008">160216n||az|||||||##########||||||||||||</controlfield>
         <datafield tag="040" ind1=" " ind2=" ">
            <subfield code="a">PL-Wwm</subfield>
         </datafield>
         <datafield tag="043" ind1=" " ind2=" ">
            <subfield code="c">XA-PL</subfield>
         </datafield>
         <datafield tag="110" ind1="2" ind2=" ">
            <subfield code="a">Polskie Wydawnictwo Muzyczne. Centralna Biblioteka Nutowa</subfield>
            <subfield code="c">Warszawa</subfield>
            <subfield code="g">PL-Wwm</subfield>
         </datafield>
         <datafield tag="410" ind1="2" ind2=" ">
            <subfield code="a">Polish Music Publishers, Central Music Library</subfield>
         </datafield>
         <datafield tag="622" ind1=" " ind2=" ">
            <subfield code="e">Polskie Wydawnictwo Muzyczne. Centralna,  Biblioteka Nutowa, ul. Aleksandra Fredry 8, 00-097 Warszawa, Poland</subfield>
         </datafield>
      </record>