
      <record>
         <leader>00000nz  a2200169   4500</leader>
         <controlfield tag="001">30004506</controlfield>
         <controlfield tag="003">RISM</controlfield>
         <controlfield tag="005">20160216</controlfield>
         <controlfield tag="008">160216n||az|||||||##########||||||||||||</controlfield>
         <datafield tag="040" ind1=" " ind2=" ">
            <subfield code="a">PL-Wz</subfield>
         </datafield>
         <datafield tag="043" ind1=" " ind2=" ">
            <subfield code="c">XA-PL</subfield>
         </datafield>
         <datafield tag="110" ind1="2" ind2=" ">
            <subfield code="a">Polskie Centrum Informacji Muzycznej</subfield>
            <subfield code="c">Warszawa</subfield>
            <subfield code="g">PL-Wz</subfield>
         </datafield>
         <datafield tag="410" ind1="2" ind2=" ">
            <subfield code="a">Polish Centre of Music</subfield>
         </datafield>
         <datafield tag="410" ind1="2" ind2=" ">
            <subfield code="a">Związek Kompozytorów Polskich (=ZKP; seit 1945)</subfield>
         </datafield>
         <datafield tag="410" ind1="2" ind2=" ">
            <subfield code="a">Biblioteka Związku Kompozytorów Polskich (1950-1992)</subfield>
         </datafield>
         <datafield tag="410" ind1="2" ind2=" ">
            <subfield code="a">Biblioteka-Fonoteka Związku Kompozytorów Polskich - Ośrodek Dokumentacji Muzyki Współczesnej (Archiwum Międzynarodowego Festiwalu Muzyki Współczesnej "Warszawska Jesień") (seit 1996)</subfield>
         </datafield>
         <datafield tag="622" ind1=" " ind2=" ">
            <subfield code="e">Polskie Centrum Informacji Muzycznej, Rynek Starego Miasta 27, 00-272 Warszawa, Poland</subfield>
            <subfield code="u">http://www.polmic.pl</subfield>
         </datafield>
      </record>