
      <record>
         <leader>00000nz  a2200169   4500</leader>
         <controlfield tag="001">30070443</controlfield>
         <controlfield tag="003">RISM</controlfield>
         <controlfield tag="005">20160216</controlfield>
         <controlfield tag="008">160216n||az|||||||##########||||||||||||</controlfield>
         <datafield tag="040" ind1=" " ind2=" ">
            <subfield code="a">PL-Wzk</subfield>
         </datafield>
         <datafield tag="043" ind1=" " ind2=" ">
            <subfield code="c">XA-PL</subfield>
         </datafield>
         <datafield tag="110" ind1="2" ind2=" ">
            <subfield code="a">Zamek Królewski</subfield>
            <subfield code="c">Warszawa</subfield>
            <subfield code="g">PL-Wzk</subfield>
         </datafield>
         <datafield tag="622" ind1=" " ind2=" ">
            <subfield code="e">Zamek Królewski, pl. Zamkowy 4, 00-277 Warszawa, Poland</subfield>
         </datafield>
      </record>