
      <record>
         <leader>00000nz  a2200169   4500</leader>
         <controlfield tag="001">30006506</controlfield>
         <controlfield tag="003">RISM</controlfield>
         <controlfield tag="005">20160216</controlfield>
         <controlfield tag="008">160216n||az|||||||##########||||||||||||</controlfield>
         <datafield tag="040" ind1=" " ind2=" ">
            <subfield code="a">PL-WŁs</subfield>
         </datafield>
         <datafield tag="043" ind1=" " ind2=" ">
            <subfield code="c">XA-PL</subfield>
         </datafield>
         <datafield tag="110" ind1="2" ind2=" ">
            <subfield code="a">Biblioteka Wyżego Seminarium Duchownego im. Księży Chodyńskich</subfield>
            <subfield code="c">Włocławek</subfield>
            <subfield code="g">PL-WŁs</subfield>
         </datafield>
         <datafield tag="622" ind1=" " ind2=" ">
            <subfield code="e">Biblioteka Wyżego Seminarium Duchownego,  im. Księży Chodyńskich, ul. Prymasa S. Karnkowskiego 3, 87-800 Włocławek, Poland</subfield>
         </datafield>
      </record>