
      <record>
         <leader>00000nz  a2200169   4500</leader>
         <controlfield tag="001">30070437</controlfield>
         <controlfield tag="003">RISM</controlfield>
         <controlfield tag="005">20160216</controlfield>
         <controlfield tag="008">160216n||az|||||||##########||||||||||||</controlfield>
         <datafield tag="040" ind1=" " ind2=" ">
            <subfield code="a">PL-ZAm</subfield>
         </datafield>
         <datafield tag="043" ind1=" " ind2=" ">
            <subfield code="c">XA-PL</subfield>
         </datafield>
         <datafield tag="110" ind1="2" ind2=" ">
            <subfield code="a">Muzeum Zamojskie w Zamościu</subfield>
            <subfield code="c">Zamość</subfield>
            <subfield code="g">PL-ZAm</subfield>
         </datafield>
         <datafield tag="622" ind1=" " ind2=" ">
            <subfield code="e">Muzeum Zamojskie w Zamościu, ul. Ormiańska 30, 22-400 Zamość, Poland</subfield>
            <subfield code="u">http://www.muzeum-zamojskie.one.pl</subfield>
         </datafield>
      </record>