
      <record>
         <leader>00000nz  a2200169   4500</leader>
         <controlfield tag="001">30070436</controlfield>
         <controlfield tag="003">RISM</controlfield>
         <controlfield tag="005">20160216</controlfield>
         <controlfield tag="008">160216n||az|||||||##########||||||||||||</controlfield>
         <datafield tag="040" ind1=" " ind2=" ">
            <subfield code="a">PL-ZAown</subfield>
         </datafield>
         <datafield tag="043" ind1=" " ind2=" ">
            <subfield code="c">XA-PL</subfield>
         </datafield>
         <datafield tag="110" ind1="2" ind2=" ">
            <subfield code="a">Biblioteka Muzyczna Polskiej Orkiestry Włościańskiej im. Karola Namysłowskiego</subfield>
            <subfield code="c">Zamość</subfield>
            <subfield code="g">PL-ZAown</subfield>
         </datafield>
         <datafield tag="410" ind1="2" ind2=" ">
            <subfield code="a">Music Library of the Karol Namysłowski Memorial Folk Band</subfield>
         </datafield>
         <datafield tag="622" ind1=" " ind2=" ">
            <subfield code="e">Biblioteka Muzyczna Polskiej Orkiestry, Włościańskiej im. Karola Namysłowski, ul. Partyzantów 2, 22-400 Zamość, Poland</subfield>
            <subfield code="u">http://www.namyslowiacy.pl/</subfield>
         </datafield>
      </record>