
      <record>
         <leader>00000nz  a2200169   4500</leader>
         <controlfield tag="001">30070236</controlfield>
         <controlfield tag="003">RISM</controlfield>
         <controlfield tag="005">20160216</controlfield>
         <controlfield tag="008">160216n||az|||||||##########||||||||||||</controlfield>
         <datafield tag="040" ind1=" " ind2=" ">
            <subfield code="a">PL-ŁSm</subfield>
         </datafield>
         <datafield tag="043" ind1=" " ind2=" ">
            <subfield code="c">XA-PL</subfield>
         </datafield>
         <datafield tag="110" ind1="2" ind2=" ">
            <subfield code="a">Muzeum parafialne w kolegiacie Łaskiej</subfield>
            <subfield code="c">Łask</subfield>
            <subfield code="g">PL-ŁSm</subfield>
         </datafield>
         <datafield tag="410" ind1="2" ind2=" ">
            <subfield code="a">Außenstelle des Muzeum Archidiecezji Łódzkiej</subfield>
         </datafield>
         <datafield tag="622" ind1=" " ind2=" ">
            <subfield code="e">Muzeum parafialne w kolegiacie Łaskiej, ul. Warszawska 15, 98-100 Łask, Poland</subfield>
         </datafield>
      </record>