
      <record>
         <leader>00000nz  a2200169   4500</leader>
         <controlfield tag="001">30006511</controlfield>
         <controlfield tag="003">RISM</controlfield>
         <controlfield tag="005">20160216</controlfield>
         <controlfield tag="008">160216n||az|||||||##########||||||||||||</controlfield>
         <datafield tag="040" ind1=" " ind2=" ">
            <subfield code="a">PL-ŁŹa</subfield>
         </datafield>
         <datafield tag="043" ind1=" " ind2=" ">
            <subfield code="c">XA-PL</subfield>
         </datafield>
         <datafield tag="110" ind1="2" ind2=" ">
            <subfield code="a">Archiwum Państwowe w Łodzi</subfield>
            <subfield code="c">Łódź</subfield>
            <subfield code="g">PL-ŁŹa</subfield>
         </datafield>
         <datafield tag="622" ind1=" " ind2=" ">
            <subfield code="e">Archiwum Państwowe w Łodzi, Plac Wolności 1, 90-950 Łódź, Poland</subfield>
         </datafield>
      </record>