
      <record>
         <leader>00000nz  a2200169   4500</leader>
         <controlfield tag="001">30070416</controlfield>
         <controlfield tag="003">RISM</controlfield>
         <controlfield tag="005">20160216</controlfield>
         <controlfield tag="008">160216n||az|||||||##########||||||||||||</controlfield>
         <datafield tag="040" ind1=" " ind2=" ">
            <subfield code="a">PL-ŁŹbp</subfield>
         </datafield>
         <datafield tag="043" ind1=" " ind2=" ">
            <subfield code="c">XA-PL</subfield>
         </datafield>
         <datafield tag="110" ind1="2" ind2=" ">
            <subfield code="a">Wojewódzka i Miejska Biblioteka Publiczna im. Marszałka J. Piłsudskiego w Łodzi</subfield>
            <subfield code="c">Łódź</subfield>
            <subfield code="g">PL-ŁŹbp</subfield>
         </datafield>
         <datafield tag="410" ind1="2" ind2=" ">
            <subfield code="a">Voivodship and Municipal J. Piłsudski Public Library, Music Collections Department</subfield>
         </datafield>
         <datafield tag="410" ind1="2" ind2=" ">
            <subfield code="a">Miejska Biblioteka (1917-1949)</subfield>
         </datafield>
         <datafield tag="410" ind1="2" ind2=" ">
            <subfield code="a">Miejska Biblioteka Publiczna im. Ludwika Waryńskiego (1949-1990)</subfield>
         </datafield>
         <datafield tag="622" ind1=" " ind2=" ">
            <subfield code="e">Wojewódzka i Miejska Biblioteka,  Publiczna im. Marszałka J. Piłsudskiego,  w Łodzi, ul. Gdańska 102, 90-508 Łódź, Poland</subfield>
            <subfield code="u">http://www.wimbp.lodz.pl</subfield>
         </datafield>
      </record>