
      <record>
         <leader>00000nz  a2200169   4500</leader>
         <controlfield tag="001">30070418</controlfield>
         <controlfield tag="003">RISM</controlfield>
         <controlfield tag="005">20160216</controlfield>
         <controlfield tag="008">160216n||az|||||||##########||||||||||||</controlfield>
         <datafield tag="040" ind1=" " ind2=" ">
            <subfield code="a">PL-ŁŹmh</subfield>
         </datafield>
         <datafield tag="043" ind1=" " ind2=" ">
            <subfield code="c">XA-PL</subfield>
         </datafield>
         <datafield tag="110" ind1="2" ind2=" ">
            <subfield code="a">Muzeum Historii Miasta Łodzi. Zbiory Muzyczne - Galeria Muzyki im. Artura Rubinsteina</subfield>
            <subfield code="c">Łódź</subfield>
            <subfield code="g">PL-ŁŹmh</subfield>
         </datafield>
         <datafield tag="410" ind1="2" ind2=" ">
            <subfield code="a">Historical Museum of the City of Łódź. Artur Rubinstein Instant Exhibition</subfield>
         </datafield>
         <datafield tag="622" ind1=" " ind2=" ">
            <subfield code="e">Muzeum Historii Miasta Łodzi. Zbiory,  Muzyczne - Galeria Muzyki im. Artura,  Rubinsteina, ul. Ogrodowa 15, 91-065  Łódź, Poland</subfield>
            <subfield code="u">http://www.poznanskipalace.muzeum-lodz.pl</subfield>
         </datafield>
      </record>