
      <record>
         <leader>00000nz  a2200169   4500</leader>
         <controlfield tag="001">30002090</controlfield>
         <controlfield tag="003">RISM</controlfield>
         <controlfield tag="005">20160216</controlfield>
         <controlfield tag="008">160216n||az|||||||##########||||||||||||</controlfield>
         <datafield tag="040" ind1=" " ind2=" ">
            <subfield code="a">PL-ŁŹu</subfield>
         </datafield>
         <datafield tag="043" ind1=" " ind2=" ">
            <subfield code="c">XA-PL</subfield>
         </datafield>
         <datafield tag="110" ind1="2" ind2=" ">
            <subfield code="a">Biblioteka Uniwersytetu Łódzkiego, Sekcja Muzykaliów w Oddziale Zbiorów Specjalnych</subfield>
            <subfield code="c">Łódź</subfield>
            <subfield code="g">PL-ŁŹu</subfield>
         </datafield>
         <datafield tag="410" ind1="2" ind2=" ">
            <subfield code="a">University Library, Music Collections Section</subfield>
         </datafield>
         <datafield tag="622" ind1=" " ind2=" ">
            <subfield code="e">Biblioteka Uniwersytetu Łódzkiego,,  Sekcja Muzykaliów w Oddziale Zbiorów,  Specjalnych, ul. Matejki 34/38, 90-237 Łódź, Poland</subfield>
            <subfield code="u">http://www.lib.uni.lodz.pl/library</subfield>
         </datafield>
      </record>