
      <record>
         <leader>00000nz  a2200169   4500</leader>
         <controlfield tag="001">30079248</controlfield>
         <controlfield tag="003">RISM</controlfield>
         <controlfield tag="005">20160216</controlfield>
         <controlfield tag="008">160216n||az|||||||##########||||||||||||</controlfield>
         <datafield tag="040" ind1=" " ind2=" ">
            <subfield code="a">PL-ŚWkp</subfield>
         </datafield>
         <datafield tag="043" ind1=" " ind2=" ">
            <subfield code="c">PL</subfield>
         </datafield>
         <datafield tag="110" ind1="2" ind2=" ">
            <subfield code="a">Kościół Pokoju</subfield>
            <subfield code="c">Świdnica</subfield>
            <subfield code="g">PL-ŚWkp</subfield>
         </datafield>
         <datafield tag="410" ind1="2" ind2=" ">
            <subfield code="a">Friedenskirche zu Schweidnitz</subfield>
         </datafield>
         <datafield tag="622" ind1=" " ind2=" ">
            <subfield code="e">Kościół Pokoju, pl. Pokoju 6, 58 100 Świdnica, Poland</subfield>
            <subfield code="u">http://kosciolpokoju.pl/</subfield>
         </datafield>
      </record>